@inproceedings{wang2021deep,
  title={Deep generative learning via schr{\"o}dinger bridge},
  author={Wang, Gefei and Jiao, Yuling and Xu, Qian and Wang, Yang and Yang, Can},
  booktitle={International Conference on Machine Learning},
  pages={10794--10804},
  year={2021},
  organization={PMLR}
}

@inproceedings{choi2020stargan,
  title={Stargan v2: Diverse image synthesis for multiple domains},
  author={Choi, Yunjey and Uh, Youngjung and Yoo, Jaejun and Ha, Jung-Woo},
  booktitle={Proceedings of the IEEE/CVF conference on computer vision and pattern recognition},
  pages={8188--8197},
  year={2020}
}

@inproceedings{smith2019onecycle,
  title={Super-convergence: Very fast training of neural networks using large learning rates},
  author={Smith, Leslie N and Topin, Nicholay},
  booktitle={Artificial intelligence and machine learning for multi-domain operations applications},
  volume={11006},
  pages={369--386},
  year={2019},
  organization={SPIE}
}


@inproceedings{ronneberger2015unet,
  title={U-net: Convolutional networks for biomedical image segmentation},
  author={Ronneberger, Olaf and Fischer, Philipp and Brox, Thomas},
  booktitle={International Conference on Medical image computing and computer-assisted intervention},
  pages={234--241},
  year={2015},
  organization={Springer}
}


@inproceedings{venkateswara2017officehome,
  title={Deep hashing network for unsupervised domain adaptation},
  author={Venkateswara, Hemanth and Eusebio, Jose and Chakraborty, Shayok and Panchanathan, Sethuraman},
  booktitle={Proceedings of the IEEE conference on computer vision and pattern recognition},
  pages={5018--5027},
  year={2017}
}


@inproceedings{peng2019domainnet,
  title={Moment matching for multi-source domain adaptation},
  author={Peng, Xingchao and Bai, Qinxun and Xia, Xide and Huang, Zijun and Saenko, Kate and Wang, Bo},
  booktitle={Proceedings of the IEEE/CVF international conference on computer vision},
  pages={1406--1415},
  year={2019}
}



@article{gulrajani2020search,
  title={In search of lost domain generalization},
  author={Gulrajani, Ishaan and Lopez-Paz, David},
  journal={arXiv preprint arXiv:2007.01434},
  year={2020}
}


@article{karras2017celeba,
  title={Progressive growing of gans for improved quality, stability, and variation},
  author={Karras, Tero and Aila, Timo and Laine, Samuli and Lehtinen, Jaakko},
  journal={arXiv preprint arXiv:1710.10196},
  year={2017}
}


@article{karras2020metface,
  title={Training generative adversarial networks with limited data},
  author={Karras, Tero and Aittala, Miika and Hellsten, Janne and Laine, Samuli and Lehtinen, Jaakko and Aila, Timo},
  journal={Advances in Neural Information Processing Systems},
  volume={33},
  pages={12104--12114},
  year={2020}
}


@article{loshchilov2017decoupled,
  title={Decoupled weight decay regularization},
  author={Loshchilov, Ilya and Hutter, Frank},
  journal={arXiv preprint arXiv:1711.05101},
  year={2017}
}


@article{vargas2021solving,
  title={Solving schr{\"o}dinger bridges via maximum likelihood},
  author={Vargas, Francisco and Thodoroff, Pierre and Lamacraft, Austen and Lawrence, Neil},
  journal={Entropy},
  volume={23},
  number={9},
  pages={1134},
  year={2021},
  publisher={Multidisciplinary Digital Publishing Institute}
}

@article{su2022dual,
  title={Dual Diffusion Implicit Bridges for Image-to-Image Translation},
  author={Su, Xuan and Song, Jiaming and Meng, Chenlin and Ermon, Stefano},
  journal={arXiv preprint arXiv:2203.08382},
  year={2022}
}

@article{de2021diffusion,
  title={Diffusion Schr{\"o}dinger bridge with applications to score-based generative modeling},
  author={De Bortoli, Valentin and Thornton, James and Heng, Jeremy and Doucet, Arnaud},
  journal={Advances in Neural Information Processing Systems},
  volume={34},
  year={2021}
}

@article{chen2021likelihood,
  title={Likelihood Training of Schr$\backslash$" odinger Bridge using Forward-Backward SDEs Theory},
  author={Chen, Tianrong and Liu, Guan-Horng and Theodorou, Evangelos A},
  journal={arXiv preprint arXiv:2110.11291},
  year={2021}
}

@article{de2021simulating,
  title={Simulating Diffusion Bridges with Score Matching},
  author={De Bortoli, Valentin and Doucet, Arnaud and Heng, Jeremy and Thornton, James},
  journal={arXiv preprint arXiv:2111.07243},
  year={2021}
}

@article{bunne2022recovering,
  title={Recovering Stochastic Dynamics via Gaussian Schr$\backslash$" odinger Bridges},
  author={Bunne, Charlotte and Hsieh, Ya-Ping and Cuturi, Marco and Krause, Andreas},
  journal={arXiv preprint arXiv:2202.05722},
  year={2022}
}

@article{peluchetti2021non,
  title={Non-Denoising Forward-Time Diffusions},
  author={Peluchetti, Stefano},
  year={2021}
}

@article{song2021maximum,
  title={Maximum likelihood training of score-based diffusion models},
  author={Song, Yang and Durkan, Conor and Murray, Iain and Ermon, Stefano},
  journal={Advances in Neural Information Processing Systems},
  volume={34},
  year={2021}
}

@incollection{lejay2018girsanov,
  title={The Girsanov theorem without (so much) stochastic analysis},
  author={Lejay, Antoine},
  booktitle={S{\'e}minaire de Probabilit{\'e}s XLIX},
  pages={329--361},
  year={2018},
  publisher={Springer}
}