

@article{song2020improved,
  title={Improved techniques for training score-based generative models},
  author={Song, Yang and Ermon, Stefano},
  journal={Advances in neural information processing systems},
  volume={33},
  pages={12438--12448},
  year={2020}
}

@article{li2022diffusion,
  title={Diffusion-LM Improves Controllable Text Generation},
  author={Li, Xiang Lisa and Thickstun, John and Gulrajani, Ishaan and Liang, Percy and Hashimoto, Tatsunori B},
  journal={arXiv preprint arXiv:2205.14217},
  year={2022}
}

@article{korotin2022neural,
  title={Neural optimal transport},
  author={Korotin, Alexander and Selikhanovych, Daniil and Burnaev, Evgeny},
  journal={arXiv preprint arXiv:2201.12220},
  year={2022}
}


@article{durkan2021maximum,
  title={On maximum likelihood training of score-based generative models},
  author={Durkan, Conor and Song, Yang},
  journal={arXiv e-prints},
  pages={arXiv--2101},
  year={2021}
}


@inproceedings{choi2020stargan,
  title={Star{GAN} v2: Diverse image synthesis for multiple domains},
  author={Choi, Yunjey and Uh, Youngjung and Yoo, Jaejun and Ha, Jung-Woo},
  booktitle={Proceedings of the IEEE/CVF conference on computer vision and pattern recognition},
  pages={8188--8197},
  year={2020}
}

@inproceedings{smith2019onecycle,
  title={Super-convergence: Very fast training of neural networks using large learning rates},
  author={Smith, Leslie N and Topin, Nicholay},
  booktitle={Artificial intelligence and machine learning for multi-domain operations applications},
  volume={11006},
  pages={369--386},
  year={2019},
  organization={SPIE}
}


@inproceedings{ronneberger2015unet,
  title={U-net: Convolutional networks for biomedical image segmentation},
  author={Ronneberger, Olaf and Fischer, Philipp and Brox, Thomas},
  booktitle={International Conference on Medical image computing and computer-assisted intervention},
  pages={234--241},
  year={2015},
  organization={Springer}
}


@inproceedings{venkateswara2017officehome,
  title={Deep hashing network for unsupervised domain adaptation},
  author={Venkateswara, Hemanth and Eusebio, Jose and Chakraborty, Shayok and Panchanathan, Sethuraman},
  booktitle={Proceedings of the IEEE conference on computer vision and pattern recognition},
  pages={5018--5027},
  year={2017}
}


@inproceedings{peng2019domainnet,
  title={Moment matching for multi-source domain adaptation},
  author={Peng, Xingchao and Bai, Qinxun and Xia, Xide and Huang, Zijun and Saenko, Kate and Wang, Bo},
  booktitle={Proceedings of the IEEE/CVF international conference on computer vision},
  pages={1406--1415},
  year={2019}
}



@article{gulrajani2020search,
  title={In search of lost domain generalization},
  author={Gulrajani, Ishaan and Lopez-Paz, David},
  journal={arXiv preprint arXiv:2007.01434},
  year={2020}
}


@article{loshchilov2017decoupled,
  title={Decoupled weight decay regularization},
  author={Loshchilov, Ilya and Hutter, Frank},
  journal={arXiv preprint arXiv:1711.05101},
  year={2017}
}


@article{vargas2021solving,
  title={Solving {Schr}{\"o}dinger bridges via maximum likelihood},
  author={Vargas, Francisco and Thodoroff, Pierre and Lamacraft, Austen and Lawrence, Neil},
  journal={Entropy},
  volume={23},
  number={9},
  pages={1134},
  year={2021},
  publisher={Multidisciplinary Digital Publishing Institute}
}

@article{su2022dual,
  title={Dual Diffusion Implicit Bridges for Image-to-Image Translation},
  author={Su, Xuan and Song, Jiaming and Meng, Chenlin and Ermon, Stefano},
  journal={arXiv preprint arXiv:2203.08382},
  year={2022}
}

@article{de2021diffusion,
  title={Diffusion {Schr}{\"o}dinger bridge with applications to score-based generative modeling},
  author={De Bortoli, Valentin and Thornton, James and Heng, Jeremy and Doucet, Arnaud},
  journal={Advances in Neural Information Processing Systems},
  volume={34},
  year={2021}
}

@article{meng2021sdedit,
  title={Sdedit: Image synthesis and editing with stochastic differential equations},
  author={Meng, Chenlin and Song, Yang and Song, Jiaming and Wu, Jiajun and Zhu, Jun-Yan and Ermon, Stefano},
  journal={arXiv preprint arXiv:2108.01073},
  year={2021}
}


@article{chen2021likelihood,
  title={Likelihood Training of {Schr}{\"o}dinger Bridge using Forward-Backward SDEs Theory},
  author={Chen, Tianrong and Liu, Guan-Horng and Theodorou, Evangelos A},
  journal={arXiv preprint arXiv:2110.11291},
  year={2021}
}

@article{de2021simulating,
  title={Simulating Diffusion Bridges with Score Matching},
  author={De Bortoli, Valentin and Doucet, Arnaud and Heng, Jeremy and Thornton, James},
  journal={arXiv preprint arXiv:2111.07243},
  year={2021}
}

@article{bunne2022recovering,
  title={Recovering Stochastic Dynamics via Gaussian {Schr}{\"o}dinger Bridges},
  author={Bunne, Charlotte and Hsieh, Ya-Ping and Cuturi, Marco and Krause, Andreas},
  journal={arXiv preprint arXiv:2202.05722},
  year={2022}
}

@article{peluchetti2021non,
  title={Non-Denoising Forward-Time Diffusions},
  author={Peluchetti, Stefano},
  year={2021}
}

@article{song2021maximum,
  title={Maximum likelihood training of score-based diffusion models},
  author={Song, Yang and Durkan, Conor and Murray, Iain and Ermon, Stefano},
  journal={Advances in Neural Information Processing Systems},
  volume={34},
  year={2021}
}


@inproceedings{tan2019efficientnet,
  title={Efficientnet: Rethinking model scaling for convolutional neural networks},
  author={Tan, Mingxing and Le, Quoc},
  booktitle={International conference on machine learning},
  pages={6105--6114},
  year={2019},
  organization={PMLR}
}


@inproceedings{isola2017image,
  title={Image-to-image translation with conditional adversarial networks},
  author={Isola, Phillip and Zhu, Jun-Yan and Zhou, Tinghui and Efros, Alexei A},
  booktitle={Proceedings of the IEEE conference on computer vision and pattern recognition},
  pages={1125--1134},
  year={2017}
}


@inproceedings{sun2016coral,
  title={Deep coral: Correlation alignment for deep domain adaptation},
  author={Sun, Baochen and Saenko, Kate},
  booktitle={European conference on computer vision},
  pages={443--450},
  year={2016},
  organization={Springer}
}


@incollection{lejay2018girsanov,
  title={The Girsanov theorem without (so much) stochastic analysis},
  author={Lejay, Antoine},
  booktitle={S{\'e}minaire de Probabilit{\'e}s XLIX},
  pages={329--361},
  year={2018},
  publisher={Springer}
}

@inproceedings{song2020score,
  title={Score-Based Generative Modeling through Stochastic Differential Equations},
  author={Song, Yang and Sohl-Dickstein, Jascha and Kingma, Diederik P and Kumar, Abhishek and Ermon, Stefano and Poole, Ben},
  booktitle={International Conference on Learning Representations},
  year={2020}
}

@article{song2019generative,
  title={Generative modeling by estimating gradients of the data distribution},
  author={Song, Yang and Ermon, Stefano},
  journal={Advances in Neural Information Processing Systems},
  volume={32},
  year={2019}
}

@article{ho2020denoising,
  title={Denoising diffusion probabilistic models},
  author={Ho, Jonathan and Jain, Ajay and Abbeel, Pieter},
  journal={Advances in Neural Information Processing Systems},
  volume={33},
  pages={6840--6851},
  year={2020}
}

@book{oksendal2013stochastic,
  title={Stochastic differential equations: an introduction with applications},
  author={Oksendal, Bernt},
  year={2013},
  publisher={Springer Science \& Business Media}
}

@book{sarkka2019applied,
  title={Applied stochastic differential equations},
  author={S{\"a}rkk{\"a}, Simo and Solin, Arno},
  volume={10},
  year={2019},
  publisher={Cambridge University Press}
}

@book{kloeden1992stochastic,
  author={Kloeden, Peter E and Platen, Eckhard},
  title={Numerical Solution of Stochastic Differential Equations},
  year={1992},
  publisher={Springer}
}

@article{anderson1982reverse,
  title={Reverse-time diffusion equation models},
  author={Anderson, Brian DO},
  journal={Stochastic Processes and their Applications},
  volume={12},
  number={3},
  pages={313--326},
  year={1982},
  publisher={Elsevier}
}

@article{hoogeboom2021argmax,
  title={Argmax flows and multinomial diffusion: Learning categorical distributions},
  author={Hoogeboom, Emiel and Nielsen, Didrik and Jaini, Priyank and Forr{\'e}, Patrick and Welling, Max},
  journal={Advances in Neural Information Processing Systems},
  volume={34},
  year={2021}
}

@article{uria2013rnade,
  title={RNADE: The real-valued neural autoregressive density-estimator},
  author={Uria, Benigno and Murray, Iain and Larochelle, Hugo},
  journal={Advances in Neural Information Processing Systems},
  volume={26},
  year={2013}
}

@inproceedings{ho2019flow++,
  title={Flow++: Improving flow-based generative models with variational dequantization and architecture design},
  author={Ho, Jonathan and Chen, Xi and Srinivas, Aravind and Duan, Yan and Abbeel, Pieter},
  booktitle={International Conference on Machine Learning},
  pages={2722--2730},
  year={2019},
  organization={PMLR}
}

@article{du2019implicit,
  title={Implicit generation and modeling with energy based models},
  author={Du, Yilun and Mordatch, Igor},
  journal={Advances in Neural Information Processing Systems},
  volume={32},
  year={2019}
}

@article{grathwohl2019your,
  title={Your classifier is secretly an energy based model and you should treat it like one},
  author={Grathwohl, Will and Wang, Kuan-Chieh and Jacobsen, J{\"o}rn-Henrik and Duvenaud, David and Norouzi, Mohammad and Swersky, Kevin},
  journal={arXiv preprint arXiv:1912.03263},
  year={2019}
}

@article{brock2018large,
  title={Large scale {GAN} training for high fidelity natural image synthesis},
  author={Brock, Andrew and Donahue, Jeff and Simonyan, Karen},
  journal={arXiv preprint arXiv:1809.11096},
  year={2018}
}

@article{karras2020training,
  title={Training generative adversarial networks with limited data},
  author={Karras, Tero and Aittala, Miika and Hellsten, Janne and Laine, Samuli and Lehtinen, Jaakko and Aila, Timo},
  journal={Advances in Neural Information Processing Systems},
  volume={33},
  pages={12104--12114},
  year={2020}
}

@inproceedings{wang2021deep,
  title={Deep generative learning via {Schr}{\"o}dinger bridge},
  author={Wang, Gefei and Jiao, Yuling and Xu, Qian and Wang, Yang and Yang, Can},
  booktitle={International Conference on Machine Learning},
  pages={10794--10804},
  year={2021},
  organization={PMLR}
}

@book{van2000asymptotic,
  title={Asymptotic statistics},
  author={Van der Vaart, Aad W},
  volume={3},
  year={2000},
  publisher={Cambridge university press}
}

@inproceedings{Cordts2016Cityscapes,
title={The Cityscapes Dataset for Semantic Urban Scene Understanding},
author={Cordts, Marius and Omran, Mohamed and Ramos, Sebastian and Rehfeld, Timo and Enzweiler, Markus and Benenson, Rodrigo and Franke, Uwe and Roth, Stefan and Schiele, Bernt},
booktitle={Proc. of the IEEE Conference on Computer Vision and Pattern Recognition (CVPR)},
year={2016}
}

@article{austin2021structured,
  title={Structured denoising diffusion models in discrete state-spaces},
  author={Austin, Jacob and Johnson, Daniel D and Ho, Jonathan and Tarlow, Daniel and van den Berg, Rianne},
  journal={Advances in Neural Information Processing Systems},
  volume={34},
  pages={17981--17993},
  year={2021}
}

@article{child2019generating,
  title={Generating long sequences with sparse transformers},
  author={Child, Rewon and Gray, Scott and Radford, Alec and Sutskever, Ilya},
  journal={arXiv preprint arXiv:1904.10509},
  year={2019}
}

@inproceedings{burda2016importance,
  title={Importance Weighted Autoencoders},
  author={Burda, Yuri and Grosse, Roger B and Salakhutdinov, Ruslan},
  booktitle={ICLR (Poster)},
  year={2016}
}

@inproceedings{song2020denoising,
  title={Denoising Diffusion Implicit Models},
  author={Song, Jiaming and Meng, Chenlin and Ermon, Stefano},
  booktitle={International Conference on Learning Representations},
  year={2020}
}

@article{dhariwal2021diffusion,
  title={Diffusion models beat {GAN}s on image synthesis},
  author={Dhariwal, Prafulla and Nichol, Alexander},
  journal={Advances in Neural Information Processing Systems},
  volume={34},
  year={2021}
}

@article{krizhevsky2009learning,
  title={Learning multiple layers of features from tiny images},
  author={Krizhevsky, Alex and Hinton, Geoffrey and others},
  year={2009},
  publisher={Citeseer}
}

@article{salimans2016improved,
  title={Improved techniques for training {GAN}s},
  author={Salimans, Tim and Goodfellow, Ian and Zaremba, Wojciech and Cheung, Vicki and Radford, Alec and Chen, Xi},
  journal={Advances in neural information processing systems},
  volume={29},
  year={2016}
}

@article{heusel2017gans,
  title={{GAN}s trained by a two time-scale update rule converge to a local nash equilibrium},
  author={Heusel, Martin and Ramsauer, Hubert and Unterthiner, Thomas and Nessler, Bernhard and Hochreiter, Sepp},
  journal={Advances in neural information processing systems},
  volume={30},
  year={2017}
}

@inproceedings{kong2021fast,
  title={On Fast Sampling of Diffusion Probabilistic Models},
  author={Kong, Zhifeng and Ping, Wei},
  booktitle={ICML Workshop on Invertible Neural Networks, Normalizing Flows, and Explicit Likelihood Models},
  year={2021}
}



@article{ramesh2022hierarchical,
  title={Hierarchical text-conditional image generation with clip latents},
  author={Ramesh, Aditya and Dhariwal, Prafulla and Nichol, Alex and Chu, Casey and Chen, Mark},
  journal={arXiv preprint arXiv:2204.06125},
  year={2022}
}

@inproceedings{nichol2021improved,
  title={Improved denoising diffusion probabilistic models},
  author={Nichol, Alexander Quinn and Dhariwal, Prafulla},
  booktitle={International Conference on Machine Learning},
  pages={8162--8171},
  year={2021},
  organization={PMLR}
}

@inproceedings{chen2020wavegrad,
  title={WaveGrad: Estimating Gradients for Waveform Generation},
  author={Chen, Nanxin and Zhang, Yu and Zen, Heiga and Weiss, Ron J and Norouzi, Mohammad and Chan, William},
  booktitle={International Conference on Learning Representations},
  year={2020}
}

@inproceedings{kong2020diffwave,
  title={DiffWave: A Versatile Diffusion Model for Audio Synthesis},
  author={Kong, Zhifeng and Ping, Wei and Huang, Jiaji and Zhao, Kexin and Catanzaro, Bryan},
  booktitle={International Conference on Learning Representations},
  year={2020}
}

@inproceedings{luo2021score,
  title={Score-based point cloud denoising},
  author={Luo, Shitong and Hu, Wei},
  booktitle={Proceedings of the IEEE/CVF International Conference on Computer Vision},
  pages={4583--4592},
  year={2021}
}

@inproceedings{luo2021diffusion,
  title={Diffusion probabilistic models for 3d point cloud generation},
  author={Luo, Shitong and Hu, Wei},
  booktitle={Proceedings of the IEEE/CVF Conference on Computer Vision and Pattern Recognition},
  pages={2837--2845},
  year={2021}
}

@inproceedings{zhou20213d,
  title={3d shape generation and completion through point-voxel diffusion},
  author={Zhou, Linqi and Du, Yilun and Wu, Jiajun},
  booktitle={Proceedings of the IEEE/CVF International Conference on Computer Vision},
  pages={5826--5835},
  year={2021}
}

@article{xiao2021tackling,
  title={Tackling the Generative Learning Trilemma with Denoising Diffusion {GAN}s},
  author={Xiao, Zhisheng and Kreis, Karsten and Vahdat, Arash},
  journal={arXiv preprint arXiv:2112.07804},
  year={2021}
}

@article{ho2022cascaded,
  title={Cascaded diffusion models for high fidelity image generation},
  author={Ho, Jonathan and Saharia, Chitwan and Chan, William and Fleet, David J and Norouzi, Mohammad and Salimans, Tim},
  journal={Journal of Machine Learning Research},
  volume={23},
  number={47},
  pages={1--33},
  year={2022}
}

@article{leonard2014reciprocal,
  title={Reciprocal processes. A measure-theoretical point of view},
  author={L{\'e}onard, Christian and R{\oe}lly, Sylvie and Zambrini, Jean-Claude},
  journal={Probability Surveys},
  volume={11},
  pages={237--269},
  year={2014},
  publisher={Institute of Mathematical Statistics and Bernoulli Society}
}


@article{bernardini1999ball,
  title={The ball-pivoting algorithm for surface reconstruction},
  author={Bernardini, Fausto and Mittleman, Joshua and Rushmeier, Holly and Silva, Cl{\'a}udio and Taubin, Gabriel},
  journal={IEEE transactions on visualization and computer graphics},
  volume={5},
  number={4},
  pages={349--359},
  year={1999},
  publisher={IEEE}
}

@article{chang2015shapenet,
  title={Shapenet: An information-rich 3d model repository},
  author={Chang, Angel X and Funkhouser, Thomas and Guibas, Leonidas and Hanrahan, Pat and Huang, Qixing and Li, Zimo and Savarese, Silvio and Savva, Manolis and Song, Shuran and Su, Hao and others},
  journal={arXiv preprint arXiv:1512.03012},
  year={2015}
}


@article{jing2022subspace,
  title={Subspace diffusion generative models},
  author={Jing, Bowen and Corso, Gabriele and Berlinghieri, Renato and Jaakkola, Tommi},
  journal={arXiv preprint arXiv:2205.01490},
  year={2022}
}

@article{vahdat2021score,
  title={Score-based generative modeling in latent space},
  author={Vahdat, Arash and Kreis, Karsten and Kautz, Jan},
  journal={Advances in Neural Information Processing Systems},
  volume={34},
  pages={11287--11302},
  year={2021}
}

@article{wehenkel2021diffusion,
  title={Diffusion priors in variational autoencoders},
  author={Wehenkel, Antoine and Louppe, Gilles},
  journal={arXiv preprint arXiv:2106.15671},
  year={2021}
}

@inproceedings{popov2021grad,
  title={Grad-tts: A diffusion probabilistic model for text-to-speech},
  author={Popov, Vadim and Vovk, Ivan and Gogoryan, Vladimir and Sadekova, Tasnima and Kudinov, Mikhail},
  booktitle={International Conference on Machine Learning},
  pages={8599--8608},
  year={2021},
  organization={PMLR}
}

@article{wang2022language,
  title={Language modeling via stochastic processes},
  author={Wang, Rose E and Durmus, Esin and Goodman, Noah and Hashimoto, Tatsunori},
  journal={arXiv preprint arXiv:2203.11370},
  year={2022}
}


@article{harvey2022flexible,
  title={Flexible Diffusion Modeling of Long Videos},
  author={Harvey, William and Naderiparizi, Saeid and Masrani, Vaden and Weilbach, Christian and Wood, Frank},
  journal={arXiv preprint arXiv:2205.11495},
  year={2022}
}


@article{yang2022diffusion,
  title={Diffusion probabilistic modeling for video generation},
  author={Yang, Ruihan and Srivastava, Prakhar and Mandt, Stephan},
  journal={arXiv preprint arXiv:2203.09481},
  year={2022}
}



@article{lee2021nu,
  title={Nu-wave: A diffusion probabilistic model for neural audio upsampling},
  author={Lee, Junhyeok and Han, Seungu},
  journal={arXiv preprint arXiv:2104.02321},
  year={2021}
}




@article{dinh2014nice,
  title={Nice: Non-linear independent components estimation},
  author={Dinh, Laurent and Krueger, David and Bengio, Yoshua},
  journal={arXiv preprint arXiv:1410.8516},
  year={2014}
}


@article{kingma2018glow,
  title={Glow: Generative flow with invertible 1x1 convolutions},
  author={Kingma, Durk P and Dhariwal, Prafulla},
  journal={Advances in neural information processing systems},
  volume={31},
  year={2018}
}



@article{ho2022video,
  title={Video diffusion models},
  author={Ho, Jonathan and Salimans, Tim and Gritsenko, Alexey and Chan, William and Norouzi, Mohammad and Fleet, David J},
  journal={arXiv preprint arXiv:2204.03458},
  year={2022}
}

@article{mittal2021symbolic,
  title={Symbolic music generation with diffusion models},
  author={Mittal, Gautam and Engel, Jesse and Hawthorne, Curtis and Simon, Ian},
  journal={arXiv preprint arXiv:2103.16091},
  year={2021}
}


@article{sinha2021d2c,
  title={{D2C}: Diffusion-decoding models for few-shot conditional generation},
  author={Sinha, Abhishek and Song, Jiaming and Meng, Chenlin and Ermon, Stefano},
  journal={Advances in Neural Information Processing Systems},
  volume={34},
  pages={12533--12548},
  year={2021}
}


@article{lu2022dpm,
  title={{DPM}-Solver: A Fast {ODE} Solver for Diffusion Probabilistic Model Sampling in Around 10 Steps},
  author={Lu, Cheng and Zhou, Yuhao and Bao, Fan and Chen, Jianfei and Li, Chongxuan and Zhu, Jun},
  journal={arXiv preprint arXiv:2206.00927},
  year={2022}
}

@article{wang2022diffusion,
  title={Diffusion-{GAN}: Training GANs with Diffusion},
  author={Wang, Zhendong and Zheng, Huangjie and He, Pengcheng and Chen, Weizhu and Zhou, Mingyuan},
  journal={arXiv preprint arXiv:2206.02262},
  year={2022}
}


@article{zhang2022gddim,
  title={g{DDIM}: Generalized denoising diffusion implicit models},
  author={Zhang, Qinsheng and Tao, Molei and Chen, Yongxin},
  journal={arXiv preprint arXiv:2206.05564},
  year={2022}
}


@article{zhao2022egsde,
  title={{EGSDE}: Unpaired Image-to-Image Translation via Energy-Guided Stochastic Differential Equations},
  author={Zhao, Min and Bao, Fan and Li, Chongxuan and Zhu, Jun},
  journal={arXiv preprint arXiv:2207.06635},
  year={2022}
}


@article{zhang2022fast,
  title={Fast Sampling of Diffusion Models with Exponential Integrator},
  author={Zhang, Qinsheng and Chen, Yongxin},
  journal={arXiv preprint arXiv:2204.13902},
  year={2022}
}

@article{bao2022analytic,
  title={Analytic-{DPM}: an analytic estimate of the optimal reverse variance in diffusion probabilistic models},
  author={Bao, Fan and Li, Chongxuan and Zhu, Jun and Zhang, Bo},
  journal={arXiv preprint arXiv:2201.06503},
  year={2022}
}

@article{ho2022cascaded,
  title={Cascaded Diffusion Models for High Fidelity Image Generation.},
  author={Ho, Jonathan and Saharia, Chitwan and Chan, William and Fleet, David J and Norouzi, Mohammad and Salimans, Tim},
  journal={J. Mach. Learn. Res.},
  volume={23},
  pages={47--1},
  year={2022}
}


@article{kong2021fast,
  title={On fast sampling of diffusion probabilistic models},
  author={Kong, Zhifeng and Ping, Wei},
  journal={arXiv preprint arXiv:2106.00132},
  year={2021}
}


@article{vincent2011connection,
  title={A connection between score matching and denoising autoencoders},
  author={Vincent, Pascal},
  journal={Neural computation},
  volume={23},
  number={7},
  pages={1661--1674},
  year={2011},
  publisher={MIT Press}
}

@article{van2001art,
  title={The art of data augmentation},
  author={Van Dyk, David A and Meng, Xiao-Li},
  journal={Journal of Computational and Graphical Statistics},
  volume={10},
  number={1},
  pages={1--50},
  year={2001},
  publisher={Taylor \& Francis}
}

@article{dempster1977maximum,
  title={Maximum likelihood from incomplete data via the EM algorithm},
  author={Dempster, Arthur P and Laird, Nan M and Rubin, Donald B},
  journal={Journal of the Royal Statistical Society: Series B (Methodological)},
  volume={39},
  number={1},
  pages={1--22},
  year={1977},
  publisher={Wiley Online Library}
}

@book{doob1984classical,
  title={Classical potential theory and its probabilistic counterpart},
  author={Doob, Joseph L and Doob, JI},
  volume={549},
  year={1984},
  publisher={Springer}
}

@incollection{lejay2018girsanov,
  title={The Girsanov theorem without (so much) stochastic analysis},
  author={Lejay, Antoine},
  booktitle={S{\'e}minaire de Probabilit{\'e}s XLIX},
  pages={329--361},
  year={2018},
  publisher={Springer}
}

@article{kim2012generalization,
  title={A generalization of Caffarelli’s contraction theorem via (reverse) heat flow},
  author={Kim, Young-Heon and Milman, Emanuel},
  journal={Mathematische Annalen},
  volume={354},
  number={3},
  pages={827--862},
  year={2012},
  publisher={Springer}
}



@article{luhman2021knowledge,
  title={Knowledge distillation in iterative generative models for improved sampling speed},
  author={Luhman, Eric and Luhman, Troy},
  journal={arXiv preprint arXiv:2101.02388},
  year={2021}
}

@inproceedings{miyato2018spectral,
  title={Spectral Normalization for Generative Adversarial Networks},
  author={Miyato, Takeru and Kataoka, Toshiki and Koyama, Masanori and Yoshida, Yuichi},
  booktitle={International Conference on Learning Representations},
  year={2018}
}

@inproceedings{ansari2020refining,
  title={Refining Deep Generative Models via Discriminator Gradient Flow},
  author={Ansari, Abdul Fatir and Ang, Ming Liang and Soh, Harold},
  booktitle={International Conference on Learning Representations},
  year={2020}
}

@article{zheng2022truncated,
  title={Truncated diffusion probabilistic models},
  author={Zheng, Huangjie and He, Pengcheng and Chen, Weizhu and Zhou, Mingyuan},
  journal={arXiv preprint arXiv:2202.09671},
  year={2022}
}

@article{franzese2022much,
  title={How Much is Enough? A Study on Diffusion Times in Score-based Generative Models},
  author={Franzese, Giulio and Rossi, Simone and Yang, Lixuan and Finamore, Alessandro and Rossi, Dario and Filippone, Maurizio and Michiardi, Pietro},
  journal={arXiv preprint arXiv:2206.05173},
  year={2022}
}


@article{lyu2022accelerating,
  title={Accelerating Diffusion Models via Early Stop of the Diffusion Process},
  author={Lyu, Zhaoyang and Xu, Xudong and Yang, Ceyuan and Lin, Dahua and Dai, Bo},
  journal={arXiv preprint arXiv:2205.12524},
  year={2022}
}



@article{zhao2020differentiable,
  title={Differentiable augmentation for data-efficient {GAN} training},
  author={Zhao, Shengyu and Liu, Zhijian and Lin, Ji and Zhu, Jun-Yan and Han, Song},
  journal={Advances in Neural Information Processing Systems},
  volume={33},
  pages={7559--7570},
  year={2020}
}

@book{villani2009optimal,
  title={Optimal transport: old and new},
  author={Villani, C{\'e}dric},
  volume={338},
  year={2009},
  publisher={Springer}
}

@book{villani2021topics,
  title={Topics in optimal transportation},
  author={Villani, C{\'e}dric},
  volume={58},
  year={2021},
  publisher={American Mathematical Soc.}
}



@incollection{ambrosio2008existence,
  title={Existence, uniqueness, stability and differentiability properties of the flow associated to weakly differentiable vector fields},
  author={Ambrosio, Luigi and Crippa, Gianluca},
  booktitle={Transport equations and multi-D hyperbolic conservation laws},
  pages={3--57},
  year={2008},
  publisher={Springer}
}

@article{goodfellow2014generative,
  title={Generative adversarial nets},
  author={Goodfellow, Ian and Pouget-Abadie, Jean and Mirza, Mehdi and Xu, Bing and Warde-Farley, David and Ozair, Sherjil and Courville, Aaron and Bengio, Yoshua},
  journal={Advances in neural information processing systems},
  volume={27},
  year={2014}
}

@article{kingma2013auto,
  title={Auto-encoding variational bayes},
  author={Kingma, Diederik P and Welling, Max},
  journal={arXiv preprint arXiv:1312.6114},
  year={2013}
}

@article{dinh2016density,
  title={Density estimation using real nvp},
  author={Dinh, Laurent and Sohl-Dickstein, Jascha and Bengio, Samy},
  journal={arXiv preprint arXiv:1605.08803},
  year={2016}
}

@inproceedings{rezende2015variational,
  title={Variational inference with normalizing flows},
  author={Rezende, Danilo and Mohamed, Shakir},
  booktitle={International conference on machine learning},
  pages={1530--1538},
  year={2015},
  organization={PMLR}
}

@article{peyre2019computational,
  title={Computational optimal transport: With applications to data science},
  author={Peyr{\'e}, Gabriel and Cuturi, Marco and others},
  journal={Foundations and Trends{\textregistered} in Machine Learning},
  volume={11},
  number={5-6},
  pages={355--607},
  year={2019},
  publisher={Now Publishers, Inc.}
}

@article{santambrogio2015optimal,
  title={Optimal transport for applied mathematicians},
  author={Santambrogio, Filippo},
  journal={Birk{\"a}user, NY},
  volume={55},
  number={58-63},
  pages={94},
  year={2015},
  publisher={Springer}
}

@book{figalli2021invitation,
  title={An Invitation to Optimal Transport, Wasserstein Distances, and Gradient Flows},
  author={Figalli, Alessio and Glaudo, Federico},
  year={2021}
}

@article{trigila2016data,
  title={Data-driven optimal transport},
  author={Trigila, Giulio and Tabak, Esteban G},
  journal={Communications on Pure and Applied Mathematics},
  volume={69},
  number={4},
  pages={613--648},
  year={2016},
  publisher={Wiley Online Library}
}

@article{chen2018neural,
  title={Neural ordinary differential equations},
  author={Chen, Ricky TQ and Rubanova, Yulia and Bettencourt, Jesse and Duvenaud, David K},
  journal={Advances in neural information processing systems},
  volume={31},
  year={2018}
}

@inproceedings{arjovsky2017wasserstein,
  title={Wasserstein generative adversarial networks},
  author={Arjovsky, Martin and Chintala, Soumith and Bottou, L{\'e}on},
  booktitle={International conference on machine learning},
  pages={214--223},
  year={2017},
  organization={PMLR}
}

@article{kingma2018glow,
  title={Glow: Generative flow with invertible 1x1 convolutions},
  author={Kingma, Durk P and Dhariwal, Prafulla},
  journal={Advances in neural information processing systems},
  volume={31},
  year={2018}
}

@article{khrulkov2022understanding,
  title={Understanding {DDPM} latent codes through optimal transport},
  author={Khrulkov, Valentin and Oseledets, Ivan},
  journal={arXiv preprint arXiv:2202.07477},
  year={2022}
}

@incollection{kurtz2011equivalence,
  title={Equivalence of stochastic equations and martingale problems},
  author={Kurtz, Thomas G},
  booktitle={Stochastic analysis 2010},
  pages={113--130},
  year={2011},
  publisher={Springer}
}

@article{bridge,
  title={Let us Build Bridges: Understanding and Extending Diffusion Generative Models},
  author={Liu, Xingchao and Wu, Lemeng and Ye, Mao and Liu, Qiang},
  journal={arXiv preprint arXiv:2208.14699},
  year={2022}
}

@article{geobridge,
  title={Diffusion-based Molecule Generation with Informative Prior Bridges},
  author={Wu, Lemeng and Gong, Chengyue and Liu, Xingchao and Ye, Mao and Liu, Qiang},
  journal={arXiv preprint},
  year={2022}
}


@article{liu2021fusedream,
  title={Fusedream: Training-free text-to-image generation with improved clip+ gan space optimization},
  author={Liu, Xingchao and Gong, Chengyue and Wu, Lemeng and Zhang, Shujian and Su, Hao and Liu, Qiang},
  journal={arXiv preprint arXiv:2112.01573},
  year={2021}
}


@inproceedings{sohl2015deep,
  title={Deep unsupervised learning using nonequilibrium thermodynamics},
  author={Sohl-Dickstein, Jascha and Weiss, Eric and Maheswaranathan, Niru and Ganguli, Surya},
  booktitle={International Conference on Machine Learning},
  pages={2256--2265},
  year={2015},
  organization={PMLR}
}

@article{papamakarios2021normalizing,
  title={Normalizing Flows for Probabilistic Modeling and Inference.},
  author={Papamakarios, George and Nalisnick, Eric T and Rezende, Danilo Jimenez and Mohamed, Shakir and Lakshminarayanan, Balaji},
  journal={J. Mach. Learn. Res.},
  volume={22},
  number={57},
  pages={1--64},
  year={2021}
}

@article{jiang2021transgan,
  title={Trans{GAN}: Two pure transformers can make one strong {GAN}, and that can scale up},
  author={Jiang, Yifan and Chang, Shiyu and Wang, Zhangyang},
  journal={Advances in Neural Information Processing Systems},
  volume={34},
  year={2021}
}

@inproceedings{cyclegan,
  title={Unpaired image-to-image translation using cycle-consistent adversarial networks},
  author={Zhu, Jun-Yan and Park, Taesung and Isola, Phillip and Efros, Alexei A},
  booktitle={Proceedings of the IEEE international conference on computer vision},
  pages={2223--2232},
  year={2017}
}

@article{flamary2016optimal,
  title={Optimal transport for domain adaptation},
  author={Flamary, R and Courty, N and Tuia, D and Rakotomamonjy, A},
  journal={IEEE Trans. Pattern Anal. Mach. Intell},
  volume={1},
  year={2016}
}

@article{karras2022elucidating,
  title={Elucidating the Design Space of Diffusion-Based Generative Models},
  author={Karras, Tero and Aittala, Miika and Aila, Timo and Laine, Samuli},
  journal={arXiv preprint arXiv:2206.00364},
  year={2022}
}

@inproceedings{zhang2018unreasonable,
  title={The unreasonable effectiveness of deep features as a perceptual metric},
  author={Zhang, Richard and Isola, Phillip and Efros, Alexei A and Shechtman, Eli and Wang, Oliver},
  booktitle={Proceedings of the IEEE conference on computer vision and pattern recognition},
  pages={586--595},
  year={2018}
}

@article{yu2015lsun,
  title={Lsun: Construction of a large-scale image dataset using deep learning with humans in the loop},
  author={Yu, Fisher and Seff, Ari and Zhang, Yinda and Song, Shuran and Funkhouser, Thomas and Xiao, Jianxiong},
  journal={arXiv preprint arXiv:1506.03365},
  year={2015}
}

@inproceedings{karras2018progressive,
  title={Progressive Growing of {GAN}s for Improved Quality, Stability, and Variation},
  author={Karras, Tero and Aila, Timo and Laine, Samuli and Lehtinen, Jaakko},
  booktitle={International Conference on Learning Representations},
  year={2018}
}

@article{korotin2021neural,
  title={Do neural optimal transport solvers work? a continuous wasserstein-2 benchmark},
  author={Korotin, Alexander and Li, Lingxiao and Genevay, Aude and Solomon, Justin M and Filippov, Alexander and Burnaev, Evgeny},
  journal={Advances in Neural Information Processing Systems},
  volume={34},
  pages={14593--14605},
  year={2021}
}

@article{elucidating,
  title={Elucidating the Design Space of Diffusion-Based Generative Models},
  author={Karras, Tero and Aittala, Miika and Aila, Timo and Laine, Samuli},
  journal={arXiv preprint arXiv:2206.00364},
  year={2022}
}

@article{imagegen,
  title={Photorealistic Text-to-Image Diffusion Models with Deep Language Understanding},
  author={Saharia, Chitwan and Chan, William and Saxena, Saurabh and Li, Lala and Whang, Jay and Denton, Emily and Ghasemipour, Seyed Kamyar Seyed and Ayan, Burcu Karagol and Mahdavi, S Sara and Lopes, Rapha Gontijo and others},
  journal={arXiv preprint arXiv:2205.11487},
  year={2022}
}

@article{dalle2,
  title={Hierarchical text-conditional image generation with clip latents},
  author={Ramesh, Aditya and Dhariwal, Prafulla and Nichol, Alex and Chu, Casey and Chen, Mark},
  journal={arXiv preprint arXiv:2204.06125},
  year={2022}
}

@article{glide,
  title={Glide: Towards photorealistic image generation and editing with text-guided diffusion models},
  author={Nichol, Alex and Dhariwal, Prafulla and Ramesh, Aditya and Shyam, Pranav and Mishkin, Pamela and McGrew, Bob and Sutskever, Ilya and Chen, Mark},
  journal={arXiv preprint arXiv:2112.10741},
  year={2021}
}

@article{vincent2011connection,
  title={A connection between score matching and denoising autoencoders},
  author={Vincent, Pascal},
  journal={Neural computation},
  volume={23},
  number={7},
  pages={1661--1674},
  year={2011},
  publisher={MIT Press}
}


@article{rectifyOT,
  title={On Rectified Flow and Optimal Coupling},
  author={Qiang Liu},
  journal={preprint},
  year={2022}
}


@article{tanana2021comparison,
  title={Comparison of transport map generated by heat flow interpolation and the optimal transport Brenier map},
  author={Tanana, Anastasiya},
  journal={Communications in Contemporary Mathematics},
  volume={23},
  number={06},
  pages={2050025},
  year={2021},
  publisher={World Scientific}
}

@inproceedings{sauer2022stylegan,
  title={{StyleGAN-XL}: Scaling {StyleGAN} to large diverse datasets},
  author={Sauer, Axel and Schwarz, Katja and Geiger, Andreas},
  booktitle={Special Interest Group on Computer Graphics and Interactive Techniques Conference Proceedings},
  pages={1--10},
  year={2022}
}

@inproceedings{tzen2019theoretical,
  title={Theoretical guarantees for sampling and inference in generative models with latent diffusions},
  author={Tzen, Belinda and Raginsky, Maxim},
  booktitle={Conference on Learning Theory},
  pages={3084--3114},
  year={2019},
  organization={PMLR}
}


@article{kynkaanniemi2019improved,
  title={Improved precision and recall metric for assessing generative models},
  author={Kynk{\"a}{\"a}nniemi, Tuomas and Karras, Tero and Laine, Samuli and Lehtinen, Jaakko and Aila, Timo},
  journal={Advances in Neural Information Processing Systems},
  volume={32},
  year={2019}
}

@article{finlay2020train,
  title={How to train your neural ode},
  author={Finlay, Chris and Jacobsen, J{\"o}rn-Henrik and Nurbekyan, Levon and Oberman, Adam M},
  journal={arXiv preprint arXiv:2002.02798},
  year={2020}
}

@inproceedings{onken2021ot,
  title={Ot-flow: Fast and accurate continuous normalizing flows via optimal transport},
  author={Onken, Derek and Fung, Samy Wu and Li, Xingjian and Ruthotto, Lars},
  booktitle={Proceedings of the AAAI Conference on Artificial Intelligence},
  volume={35},
  number={10},
  pages={9223--9232},
  year={2021}
}

@article{lavenant2022flow,
  title={The flow map of the Fokker--Planck equation does not provide optimal transport},
  author={Lavenant, Hugo and Santambrogio, Filippo},
  journal={Applied Mathematics Letters},
  pages={108225},
  year={2022},
  publisher={Elsevier}
}

@inproceedings{welling2011bayesian,
  title={Bayesian learning via stochastic gradient Langevin dynamics},
  author={Welling, Max and Teh, Yee W},
  booktitle={Proceedings of the 28th international conference on machine learning (ICML-11)},
  pages={681--688},
  year={2011},
  organization={Citeseer}
}
@article{choi2021ilvr,
  title={Ilvr: Conditioning method for denoising diffusion probabilistic models},
  author={Choi, Jooyoung and Kim, Sungwon and Jeong, Yonghyun and Gwon, Youngjune and Yoon, Sungroh},
  journal={arXiv preprint arXiv:2108.02938},
  year={2021}
}

@inproceedings{makkuva2020optimal,
  title={Optimal transport mapping via input convex neural networks},
  author={Makkuva, Ashok and Taghvaei, Amirhossein and Oh, Sewoong and Lee, Jason},
  booktitle={International Conference on Machine Learning},
  pages={6672--6681},
  year={2020},
  organization={PMLR}
}

@article{seguy2017large,
  title={Large-scale optimal transport and mapping estimation},
  author={Seguy, Vivien and Damodaran, Bharath Bhushan and Flamary, R{\'e}mi and Courty, Nicolas and Rolet, Antoine and Blondel, Mathieu},
  journal={arXiv preprint arXiv:1711.02283},
  year={2017}
}

@article{rout2021generative,
  title={Generative modeling with optimal transport maps},
  author={Rout, Litu and Korotin, Alexander and Burnaev, Evgeny},
  journal={arXiv preprint arXiv:2110.02999},
  year={2021}
}

@article{daniels2021score,
  title={Score-based generative neural networks for large-scale optimal transport},
  author={Daniels, Max and Maunu, Tyler and Hand, Paul},
  journal={Advances in neural information processing systems},
  volume={34},
  pages={12955--12965},
  year={2021}
}

@misc{rk45,
title = {Scipy RK45 Function},
  howpublished = {\url{https://docs.scipy.org/doc/scipy/reference/generated/scipy.integrate.RK45.html}},
  note = {Accessed: 2022-08-19}
}

@ARTICLE{2020SciPy-NMeth,
  author  = {Virtanen, Pauli and Gommers, Ralf and Oliphant, Travis E. and
            Haberland, Matt and Reddy, Tyler and Cournapeau, David and
            Burovski, Evgeni and Peterson, Pearu and Weckesser, Warren and
            Bright, Jonathan and {van der Walt}, St{\'e}fan J. and
            Brett, Matthew and Wilson, Joshua and Millman, K. Jarrod and
            Mayorov, Nikolay and Nelson, Andrew R. J. and Jones, Eric and
            Kern, Robert and Larson, Eric and Carey, C J and
            Polat, {\.I}lhan and Feng, Yu and Moore, Eric W. and
            {VanderPlas}, Jake and Laxalde, Denis and Perktold, Josef and
            Cimrman, Robert and Henriksen, Ian and Quintero, E. A. and
            Harris, Charles R. and Archibald, Anne M. and
            Ribeiro, Ant{\^o}nio H. and Pedregosa, Fabian and
            {van Mulbregt}, Paul and {SciPy 1.0 Contributors}},
  title   = {{{SciPy} 1.0: Fundamental Algorithms for Scientific
            Computing in Python}},
  journal = {Nature Methods},
  year    = {2020},
  volume  = {17},
  pages   = {261--272},
  adsurl  = {https://rdcu.be/b08Wh},
  doi     = {10.1038/s41592-019-0686-2},
}

@book{ambrosio2021lectures,
  title={Lectures on optimal transport},
  author={Ambrosio, Luigi and Bru{\'e}, Elia and Semola, Daniele},
  year={2021},
  publisher={Springer}
}

@article{haussmann1986time,
  title={Time reversal of diffusions},
  author={Haussmann, Ulrich G and Pardoux, Etienne},
  journal={The Annals of Probability},
  pages={1188--1205},
  year={1986},
  publisher={JSTOR}
}

@incollection{follmer1985entropy,
  title={An entropy approach to the time reversal of diffusion processes},
  author={F{\"o}llmer, Hans},
  booktitle={Stochastic Differential Systems Filtering and Control},
  pages={156--163},
  year={1985},
  publisher={Springer}
}

@article{kingma2014adam,
  title={Adam: A method for stochastic optimization},
  author={Kingma, Diederik P and Ba, Jimmy},
  journal={arXiv preprint arXiv:1412.6980},
  year={2014}
}