@article{mccann1997convexity,
  title={A convexity principle for interacting gases},
  author={McCann, Robert J},
  journal={Advances in mathematics},
  volume={128},
  number={1},
  pages={153--179},
  year={1997},
  publisher={Elsevier}
}

@book{villani2009optimal,
  title={Optimal transport: old and new},
  author={Villani, C{\'e}dric},
  volume={338},
  year={2009},
  publisher={Springer}
}

@article{liu2022flow,
  title={Flow straight and fast: Learning to generate and transfer data with rectified flow},
  author={Liu, Xingchao and Gong, Chengyue and Liu, Qiang},
  journal={arXiv preprint arXiv:2209.03003},
  year={2022}
}

@misc{
neklyudov2023action,
title={Action Matching: A Variational Method for Learning Stochastic Dynamics from Samples},
author={Kirill Neklyudov and Daniel Severo and Alireza Makhzani},
year={2023},
url={https://openreview.net/forum?id=T6HPzkhaKeS}
}

@article{albergo2022building,
  title={Building normalizing flows with stochastic interpolants},
  author={Albergo, Michael S and Vanden-Eijnden, Eric},
  journal={arXiv preprint arXiv:2209.15571},
  year={2022}
}

@article{ben2022matching,
  title={Matching Normalizing Flows and Probability Paths on Manifolds},
  author={Ben-Hamu, Heli and Cohen, Samuel and Bose, Joey and Amos, Brandon and Grover, Aditya and Nickel, Maximilian and Chen, Ricky T. Q. and Lipman, Yaron},
  journal={arXiv preprint arXiv:2207.04711},
  year={2022}
}

@inproceedings{sohl2015deep,
  title={Deep unsupervised learning using nonequilibrium thermodynamics},
  author={Sohl-Dickstein, Jascha and Weiss, Eric and Maheswaranathan, Niru and Ganguli, Surya},
  booktitle={International Conference on Machine Learning},
  pages={2256--2265},
  year={2015},
  organization={PMLR}
}

@article{ho2020denoising,
  title={Denoising diffusion probabilistic models},
  author={Ho, Jonathan and Jain, Ajay and Abbeel, Pieter},
  journal={Advances in Neural Information Processing Systems},
  volume={33},
  pages={6840--6851},
  year={2020}
}

@article{chen2018neural,
  title={Neural ordinary differential equations},
  author={Chen, Ricky T. Q. and Rubanova, Yulia and Bettencourt, Jesse and Duvenaud, David K},
  journal={Advances in neural information processing systems},
  volume={31},
  year={2018}
}

@article{peluchetti2021non,
  title={Non-Denoising Forward-Time Diffusions},
  author={Peluchetti, Stefano},
  year={2021}
}

@article{song2020score,
  title={Score-based generative modeling through stochastic differential equations},
  author={Song, Yang and Sohl-Dickstein, Jascha and Kingma, Diederik P and Kumar, Abhishek and Ermon, Stefano and Poole, Ben},
  journal={arXiv preprint arXiv:2011.13456},
  year={2020}
}

@article{vincent2011connection,
  title={A connection between score matching and denoising autoencoders},
  author={Vincent, Pascal},
  journal={Neural computation},
  volume={23},
  number={7},
  pages={1661--1674},
  year={2011},
  publisher={MIT Press}
}

@inproceedings{
rozen2021moser,
title={Moser Flow: Divergence-based Generative Modeling on Manifolds},
author={Noam Rozen and Aditya Grover and Maximilian Nickel and Yaron Lipman},
booktitle={Advances in Neural Information Processing Systems},
editor={A. Beygelzimer and Y. Dauphin and P. Liang and J. Wortman Vaughan},
year={2021},
url={https://openreview.net/forum?id=qGvMv3undNJ}
}


@article{onken2021ot-flow, 
    title={OT-Flow: Fast and Accurate Continuous Normalizing Flows via Optimal Transport}, 
    volume={35}, 
    url={https://ojs.aaai.org/index.php/AAAI/article/view/17113}, 
    number={10}, 
    journal={Proceedings of the AAAI Conference on Artificial Intelligence}, 
    author={Onken, Derek and Wu Fung, Samy and Li, Xingjian and Ruthotto, Lars}, 
    year={2021}, 
    month={May}, 
    pages={9223-9232} 
}

@misc{ffjord2018,
  doi = {10.48550/ARXIV.1810.01367},
  
  url = {https://arxiv.org/abs/1810.01367},
  
  author = {Grathwohl, Will and Chen, Ricky T. Q. and Bettencourt, Jesse and Sutskever, Ilya and Duvenaud, David},
  
  keywords = {Machine Learning (cs.LG), Computer Vision and Pattern Recognition (cs.CV), Machine Learning (stat.ML), FOS: Computer and information sciences, FOS: Computer and information sciences},
  
  title = {FFJORD: Free-form Continuous Dynamics for Scalable Reversible Generative Models},
  
  publisher = {arXiv},
  
  year = {2018},
  
  copyright = {arXiv.org perpetual, non-exclusive license}
}

@inproceedings{song2021maximum,
  title={Maximum Likelihood Training of Score-Based Diffusion Models},
  author={Song, Yang and Durkan, Conor and Murray, Iain and Ermon, Stefano},
  booktitle={Thirty-Fifth Conference on Neural Information Processing Systems},
  year={2021}
}

@inproceedings{
kingma2021vdm,
title={Variational Diffusion Models},
author={Diederik P Kingma and Tim Salimans and Ben Poole and Jonathan Ho},
booktitle={Advances in Neural Information Processing Systems},
editor={A. Beygelzimer and Y. Dauphin and P. Liang and J. Wortman Vaughan},
year={2021},
url={https://openreview.net/forum?id=2LdBqxc1Yv}
}

@InProceedings{ho2019flowpp,
  title = 	 {Flow++: Improving Flow-Based Generative Models with Variational Dequantization and Architecture Design},
  author =       {Ho, Jonathan and Chen, Xi and Srinivas, Aravind and Duan, Yan and Abbeel, Pieter},
  booktitle = 	 {Proceedings of the 36th International Conference on Machine Learning},
  pages = 	 {2722--2730},
  year = 	 {2019},
  editor = 	 {Chaudhuri, Kamalika and Salakhutdinov, Ruslan},
  volume = 	 {97},
  series = 	 {Proceedings of Machine Learning Research},
  month = 	 {09--15 Jun},
  publisher =    {PMLR},
  pdf = 	 {http://proceedings.mlr.press/v97/ho19a/ho19a.pdf},
  url = 	 {https://proceedings.mlr.press/v97/ho19a.html}
}

@inproceedings{
dhariwal2021diffusion,
title={Diffusion Models Beat {GAN}s on Image Synthesis},
author={Prafulla Dhariwal and Alexander Quinn Nichol},
booktitle={Advances in Neural Information Processing Systems},
editor={A. Beygelzimer and Y. Dauphin and P. Liang and J. Wortman Vaughan},
year={2021},
url={https://openreview.net/forum?id=AAWuCvzaVt}
}

@inproceedings{parmar2018image,
  title={Image transformer},
  author={Parmar, Niki and Vaswani, Ashish and Uszkoreit, Jakob and Kaiser, Lukasz and Shazeer, Noam and Ku, Alexander and Tran, Dustin},
  booktitle={International conference on machine learning},
  pages={4055--4064},
  year={2018},
  organization={PMLR}
}

@article{child2020very,
  title={Very deep vaes generalize autoregressive models and can outperform them on images},
  author={Child, Rewon},
  journal={arXiv preprint arXiv:2011.10650},
  year={2020}
}

@article{chen2019residual,
  title={Residual flows for invertible generative modeling},
  author={Chen, Ricky T. Q. and Behrmann, Jens and Duvenaud, David K and Jacobsen, J{\"o}rn-Henrik},
  journal={Advances in Neural Information Processing Systems},
  volume={32},
  year={2019}
}

@article{kingma2018glow,
  title={Glow: Generative flow with invertible 1x1 convolutions},
  author={Kingma, Durk P and Dhariwal, Prafulla},
  journal={Advances in neural information processing systems},
  volume={31},
  year={2018}
}

@article{vahdat2020nvae,
  title={NVAE: A deep hierarchical variational autoencoder},
  author={Vahdat, Arash and Kautz, Jan},
  journal={Advances in Neural Information Processing Systems},
  volume={33},
  pages={19667--19679},
  year={2020}
}

@article{van2016conditional,
  title={Conditional image generation with pixelcnn decoders},
  author={Van den Oord, Aaron and Kalchbrenner, Nal and Espeholt, Lasse and Vinyals, Oriol and Graves, Alex and others},
  journal={Advances in neural information processing systems},
  volume={29},
  year={2016}
}

@inproceedings{van2016pixel,
  title={Pixel recurrent neural networks},
  author={Van Oord, Aaron and Kalchbrenner, Nal and Kavukcuoglu, Koray},
  booktitle={International conference on machine learning},
  pages={1747--1756},
  year={2016},
  organization={PMLR}
}

@inproceedings{kim2022soft,
  title={Soft truncation: A universal training technique of score-based diffusion model for high precision score estimation},
  author={Kim, Dongjun and Shin, Seungjae and Song, Kyungwoo and Kang, Wanmo and Moon, Il-Chul},
  booktitle={International Conference on Machine Learning},
  pages={11201--11228},
  year={2022},
  organization={PMLR}
}

@article{maoutsa2020,
	doi = {10.3390/e22080802},
  
	url = {https://doi.org/10.3390%2Fe22080802},
  
	year = 2020,
	month = {jul},
  
	publisher = {{MDPI} {AG}
},
  
	volume = {22},
  
	number = {8},
  
	pages = {802},
  
	author = {Dimitra Maoutsa and Sebastian Reich and Manfred Opper},
  
	title = {Interacting Particle Solutions of Fokker{\textendash}Planck Equations Through Gradient{\textendash}Log{\textendash}Density Estimation},
  
	journal = {Entropy}
}

@misc{tfgan,
  author = {tensorflow},
  title = {gan},
  year = {2019},
  publisher = {GitHub},
  journal = {GitHub repository},
  howpublished = {\url{https://github.com/tensorflow/gan}},
}

@article{papamakarios2021normalizing,
  title={Normalizing Flows for Probabilistic Modeling and Inference.},
  author={Papamakarios, George and Nalisnick, Eric T and Rezende, Danilo Jimenez and Mohamed, Shakir and Lakshminarayanan, Balaji},
  journal={J. Mach. Learn. Res.},
  volume={22},
  number={57},
  pages={1--64},
  year={2021}
}

@book{kloeden2012numerical,
  title={Numerical solution of SDE through computer experiments},
  author={Kloeden, Peter Eris and Platen, Eckhard and Schurz, Henri},
  year={2012},
  publisher={Springer Science \& Business Media}
}

@article{dormand1980family,
  title={A family of embedded Runge-Kutta formulae},
  author={Dormand, John R and Prince, Peter J},
  journal={Journal of computational and applied mathematics},
  volume={6},
  number={1},
  pages={19--26},
  year={1980},
  publisher={Elsevier}
}

@article{heusel2017gans,
  title={Gans trained by a two time-scale update rule converge to a local nash equilibrium},
  author={Heusel, Martin and Ramsauer, Hubert and Unterthiner, Thomas and Nessler, Bernhard and Hochreiter, Sepp},
  journal={Advances in neural information processing systems},
  volume={30},
  year={2017}
}

@inproceedings{finlay2020how,
  author={Chris Finlay and Jörn-Henrik Jacobsen and Levon Nurbekyan and Adam M. Oberman},
  title={How to Train Your Neural ODE: the World of Jacobian and Kinetic Regularization},
  year={2020},
  cdate={1577836800000},
  pages={3154-3164},
  url={http://proceedings.mlr.press/v119/finlay20a.html},
  booktitle={ICML}} %,
  % crossref={conf/icml/2020}

@article{chrabaszcz2017downsampled,
  title={A downsampled variant of imagenet as an alternative to the cifar datasets},
  author={Chrabaszcz, Patryk and Loshchilov, Ilya and Hutter, Frank},
  journal={arXiv preprint arXiv:1707.08819},
  year={2017}
}

@inproceedings{deng2009-imagenet,
  author={Deng, Jia and Dong, Wei and Socher, Richard and Li, Li-Jia and Kai Li and Li Fei-Fei},
  booktitle={2009 IEEE Conference on Computer Vision and Pattern Recognition}, 
  title={ImageNet: A large-scale hierarchical image database}, 
  year={2009},
  volume={},
  number={},
  pages={248-255},
  doi={10.1109/CVPR.2009.5206848}
}

@article{krizhevsky2009learning,
  title={Learning multiple layers of features from tiny images},
  author={Krizhevsky, Alex and Hinton, Geoffrey and others},
  year={2009},
  publisher={Citeseer}
}

@inproceedings{poli2020hyper,
 author = {Poli, Michael and Massaroli, Stefano and Yamashita, Atsushi and Asama, Hajime and Park, Jinkyoo},
 booktitle = {Advances in Neural Information Processing Systems},
 editor = {H. Larochelle and M. Ranzato and R. Hadsell and M.F. Balcan and H. Lin},
 pages = {21105--21117},
 publisher = {Curran Associates, Inc.},
 title = {Hypersolvers: Toward Fast Continuous-Depth Models},
 url = {https://proceedings.neurips.cc/paper/2020/file/f1686b4badcf28d33ed632036c7ab0b8-Paper.pdf},
 volume = {33},
 year = {2020}
}

@inproceedings{arnab2020steer,
 author = {Ghosh, Arnab and Behl, Harkirat and Dupont, Emilien and Torr, Philip and Namboodiri, Vinay},
 booktitle = {Advances in Neural Information Processing Systems},
 editor = {H. Larochelle and M. Ranzato and R. Hadsell and M.F. Balcan and H. Lin},
 pages = {14831--14843},
 publisher = {Curran Associates, Inc.},
 title = {STEER : Simple Temporal Regularization For Neural ODE},
 url = {https://proceedings.neurips.cc/paper/2020/file/a9e18cb5dd9d3ab420946fa19ebbbf52-Paper.pdf},
 volume = {33},
 year = {2020}
}

@article{yang2019potential,
  author    = {Liu Yang and
               George E. Karniadakis},
  title     = {Potential Flow Generator with {\textdollar}L{\_}2{\textdollar} Optimal
               Transport Regularity for Generative Models},
  journal   = {CoRR},
  volume    = {abs/1908.11462},
  year      = {2019},
  url       = {http://arxiv.org/abs/1908.11462},
  eprinttype = {arXiv},
  eprint    = {1908.11462},
  timestamp = {Wed, 04 Sep 2019 15:47:27 +0200},
  biburl    = {https://dblp.org/rec/journals/corr/abs-1908-11462.bib},
  bibsource = {dblp computer science bibliography, https://dblp.org}
}

@inproceedings{dupont2019aug,
 author = {Dupont, Emilien and Doucet, Arnaud and Teh, Yee Whye},
 booktitle = {Advances in Neural Information Processing Systems},
 editor = {H. Wallach and H. Larochelle and A. Beygelzimer and F. d\'{} Alch\'{e}-Buc and E. Fox and R. Garnett},
 pages = {},
 publisher = {Curran Associates, Inc.},
 title = {Augmented Neural ODEs},
 url = {https://proceedings.neurips.cc/paper/2019/file/21be9a4bd4f81549a9d1d241981cec3c-Paper.pdf},
 volume = {32},
 year = {2019}
}

@misc{du2022toflow,
  doi = {10.48550/ARXIV.2203.10335},
  
  url = {https://arxiv.org/abs/2203.10335},
  
  author = {Du, Shian and Luo, Yihong and Chen, Wei and Xu, Jian and Zeng, Delu},
  
  keywords = {Computer Vision and Pattern Recognition (cs.CV), FOS: Computer and information sciences, FOS: Computer and information sciences},
  
  title = {TO-FLOW: Efficient Continuous Normalizing Flows with Temporal Optimization adjoint with Moving Speed},
  
  publisher = {arXiv},
  
  year = {2022},
  
  copyright = {arXiv.org perpetual, non-exclusive license}
}

@inproceedings{song2019score,
 author = {Song, Yang and Ermon, Stefano},
 booktitle = {Advances in Neural Information Processing Systems},
 editor = {H. Wallach and H. Larochelle and A. Beygelzimer and F. d\'{} Alch\'{e}-Buc and E. Fox and R. Garnett},
 pages = {},
 publisher = {Curran Associates, Inc.},
 title = {Generative Modeling by Estimating Gradients of the Data Distribution},
 url = {https://proceedings.neurips.cc/paper/2019/file/3001ef257407d5a371a96dcd947c7d93-Paper.pdf},
 volume = {32},
 year = {2019}
}


@article{zhang2022fast,
  title={Fast Sampling of Diffusion Models with Exponential Integrator},
  author={Zhang, Qinsheng and Chen, Yongxin},
  journal={arXiv preprint arXiv:2204.13902},
  year={2022}
}

@inproceedings{nichol2021improved,
  title={Improved denoising diffusion probabilistic models},
  author={Nichol, Alexander Quinn and Dhariwal, Prafulla},
  booktitle={International Conference on Machine Learning},
  pages={8162--8171},
  year={2021},
  organization={PMLR}
}

@article{kobyzev2020normalizing,
  title={Normalizing flows: An introduction and review of current methods},
  author={Kobyzev, Ivan and Prince, Simon JD and Brubaker, Marcus A},
  journal={IEEE transactions on pattern analysis and machine intelligence},
  volume={43},
  number={11},
  pages={3964--3979},
  year={2020},
  publisher={IEEE}
}

@inproceedings{tong2020trajectorynet,
  title={Trajectorynet: A dynamic optimal transport network for modeling cellular dynamics},
  author={Tong, Alexander and Huang, Jessie and Wolf, Guy and Van Dijk, David and Krishnaswamy, Smita},
  booktitle={International conference on machine learning},
  pages={9526--9536},
  year={2020},
  organization={PMLR}
}

@article{kelly2020learning,
  title={Learning differential equations that are easy to solve},
  author={Kelly, Jacob and Bettencourt, Jesse and Johnson, Matthew J and Duvenaud, David K},
  journal={Advances in Neural Information Processing Systems},
  volume={33},
  pages={4370--4380},
  year={2020}
}

@article{maoutsa2020interacting,
  title={Interacting particle solutions of Fokker--Planck equations through gradient--log--density estimation},
  author={Maoutsa, Dimitra and Reich, Sebastian and Opper, Manfred},
  journal={Entropy},
  volume={22},
  number={8},
  pages={802},
  year={2020},
  publisher={MDPI}
}

@article{thompson2020computational,
  title={The computational limits of deep learning},
  author={Thompson, Neil C and Greenewald, Kristjan and Lee, Keeheon and Manso, Gabriel F},
  journal={arXiv preprint arXiv:2007.05558},
  year={2020}
}

@misc{openaiandcompute,
title={AI and Compute},
author={Amodei, Dario and Hernandez, Danny and SastryJack, Girish and  Clark, Jack and Brockman, Greg and Sutskever, Ilya},
year={2018},
howpublished={\url{https://openai.com/blog/ai-and-compute/}},
}

@inproceedings{luvcic2019high,
  title={High-fidelity image generation with fewer labels},
  author={Lu{\v{c}}i{\'c}, Mario and Tschannen, Michael and Ritter, Marvin and Zhai, Xiaohua and Bachem, Olivier and Gelly, Sylvain},
  booktitle={International conference on machine learning},
  pages={4183--4192},
  year={2019},
  organization={PMLR}
}

@article{saharia2022image,
  title={Image super-resolution via iterative refinement},
  author={Saharia, Chitwan and Ho, Jonathan and Chan, William and Salimans, Tim and Fleet, David J and Norouzi, Mohammad},
  journal={IEEE Transactions on Pattern Analysis and Machine Intelligence},
  year={2022},
  publisher={IEEE}
}

@article{casanova2021instance,
  title={Instance-conditioned gan},
  author={Casanova, Arantxa and Careil, Marlene and Verbeek, Jakob and Drozdzal, Michal and Romero Soriano, Adriana},
  journal={Advances in Neural Information Processing Systems},
  volume={34},
  pages={27517--27529},
  year={2021}
}

@article{song2020denoising,
  title={Denoising diffusion implicit models},
  author={Song, Jiaming and Meng, Chenlin and Ermon, Stefano},
  journal={arXiv preprint arXiv:2010.02502},
  year={2020}
}

@article{de2022riemannian,
  title={Riemannian score-based generative modeling},
  author={De Bortoli, Valentin and Mathieu, Emile and Hutchinson, Michael and Thornton, James and Teh, Yee Whye and Doucet, Arnaud},
  journal={arXiv preprint arXiv:2202.02763},
  year={2022}
}

@article{ramesh2022hierarchical,
  title={Hierarchical text-conditional image generation with clip latents},
  author={Ramesh, Aditya and Dhariwal, Prafulla and Nichol, Alex and Chu, Casey and Chen, Mark},
  journal={arXiv preprint arXiv:2204.06125},
  year={2022}
}

@inproceedings{rombach2022high,
  title={High-resolution image synthesis with latent diffusion models},
  author={Rombach, Robin and Blattmann, Andreas and Lorenz, Dominik and Esser, Patrick and Ommer, Bj{\"o}rn},
  booktitle={Proceedings of the IEEE/CVF Conference on Computer Vision and Pattern Recognition},
  pages={10684--10695},
  year={2022}
}

@article{rissanen2022generative,
  title={Generative Modelling With Inverse Heat Dissipation},
  author={Rissanen, Severi and Heinonen, Markus and Solin, Arno},
  journal={arXiv preprint arXiv:2206.13397},
  year={2022}
}

@article{hoogeboom2022blurring,
  title={Blurring Diffusion Models},
  author={Hoogeboom, Emiel and Salimans, Tim},
  journal={arXiv preprint arXiv:2209.05557},
  year={2022}
}

 @article{DeBortoli2021schscore, 
 title={Diffusion Schr\"odinger Bridge with Applications to Score-Based Generative Modeling}, url={http://arxiv.org/abs/2106.01357}, DOI={10.48550/arXiv.2106.01357},  note={arXiv:2106.01357 [cs, math, stat]}, number={arXiv:2106.01357}, publisher={arXiv}, author={De Bortoli, Valentin and Thornton, James and Heng, Jeremy and Doucet, Arnaud}, year={2021}, month={Dec} }


 @article{wang2021schbridges, 
 title={Deep Generative Learning via Schr\"{o}dinger Bridge}, url={http://arxiv.org/abs/2106.10410}, DOI={10.48550/arXiv.2106.10410},  note={arXiv:2106.10410 [cs]}, number={arXiv:2106.10410}, publisher={arXiv}, author={Wang, Gefei and Jiao, Yuling and Xu, Qian and Wang, Yang and Yang, Can}, year={2021}, month={Jul} }


@inproceedings{hoang2018mgan,
  title={MGAN: Training generative adversarial nets with multiple generators},
  author={Hoang, Quan and Nguyen, Tu Dinh and Le, Trung and Phung, Dinh},
  booktitle={International conference on learning representations},
  year={2018}
}

@article{lin2018pacgan,
  title={Pacgan: The power of two samples in generative adversarial networks},
  author={Lin, Zinan and Khetan, Ashish and Fanti, Giulia and Oh, Sewoong},
  journal={Advances in neural information processing systems},
  volume={31},
  year={2018}
}

@inproceedings{sage2018logo,
  title={Logo synthesis and manipulation with clustered generative adversarial networks},
  author={Sage, Alexander and Agustsson, Eirikur and Timofte, Radu and Van Gool, Luc},
  booktitle={Proceedings of the IEEE Conference on Computer Vision and Pattern Recognition},
  pages={5879--5888},
  year={2018}
}

@inproceedings{armandpour2021partition,
  title={Partition-guided gans},
  author={Armandpour, Mohammadreza and Sadeghian, Ali and Li, Chunyuan and Zhou, Mingyuan},
  booktitle={Proceedings of the IEEE/CVF Conference on Computer Vision and Pattern Recognition},
  pages={5099--5109},
  year={2021}
}

@misc{torchdiffeq,
	author={Chen, Ricky T. Q.},
	title={torchdiffeq},
	year={2018},
	url={https://github.com/rtqichen/torchdiffeq},
}