

@article{song2020improved,
  title={Improved techniques for training score-based generative models},
  author={Song, Yang and Ermon, Stefano},
  journal={Advances in neural information processing systems},
  volume={33},
  pages={12438--12448},
  year={2020}
}

@article{li2022diffusion,
  title={Diffusion-LM Improves Controllable Text Generation},
  author={Li, Xiang Lisa and Thickstun, John and Gulrajani, Ishaan and Liang, Percy and Hashimoto, Tatsunori B},
  journal={arXiv preprint arXiv:2205.14217},
  year={2022}
}


@article{durkan2021maximum,
  title={On maximum likelihood training of score-based generative models},
  author={Durkan, Conor and Song, Yang},
  journal={arXiv e-prints},
  pages={arXiv--2101},
  year={2021}
}

@inproceedings{song2020score,
  title={Score-Based Generative Modeling through Stochastic Differential Equations},
  author={Song, Yang and Sohl-Dickstein, Jascha and Kingma, Diederik P and Kumar, Abhishek and Ermon, Stefano and Poole, Ben},
  booktitle={International Conference on Learning Representations},
  year={2020}
}

@article{song2019generative,
  title={Generative modeling by estimating gradients of the data distribution},
  author={Song, Yang and Ermon, Stefano},
  journal={Advances in Neural Information Processing Systems},
  volume={32},
  year={2019}
}

@article{ho2020denoising,
  title={Denoising diffusion probabilistic models},
  author={Ho, Jonathan and Jain, Ajay and Abbeel, Pieter},
  journal={Advances in Neural Information Processing Systems},
  volume={33},
  pages={6840--6851},
  year={2020}
}

@book{oksendal2013stochastic,
  title={Stochastic differential equations: an introduction with applications},
  author={Oksendal, Bernt},
  year={2013},
  publisher={Springer Science \& Business Media}
}

@book{sarkka2019applied,
  title={Applied stochastic differential equations},
  author={S{\"a}rkk{\"a}, Simo and Solin, Arno},
  volume={10},
  year={2019},
  publisher={Cambridge University Press}
}

@book{kloeden1992stochastic,
  author={Kloeden, Peter E and Platen, Eckhard},
  title={Numerical Solution of Stochastic Differential Equations},
  year={1992},
  publisher={Springer}
}

@article{anderson1982reverse,
  title={Reverse-time diffusion equation models},
  author={Anderson, Brian DO},
  journal={Stochastic Processes and their Applications},
  volume={12},
  number={3},
  pages={313--326},
  year={1982},
  publisher={Elsevier}
}

@article{hoogeboom2021argmax,
  title={Argmax flows and multinomial diffusion: Learning categorical distributions},
  author={Hoogeboom, Emiel and Nielsen, Didrik and Jaini, Priyank and Forr{\'e}, Patrick and Welling, Max},
  journal={Advances in Neural Information Processing Systems},
  volume={34},
  year={2021}
}

@article{uria2013rnade,
  title={RNADE: The real-valued neural autoregressive density-estimator},
  author={Uria, Benigno and Murray, Iain and Larochelle, Hugo},
  journal={Advances in Neural Information Processing Systems},
  volume={26},
  year={2013}
}

@inproceedings{ho2019flow++,
  title={Flow++: Improving flow-based generative models with variational dequantization and architecture design},
  author={Ho, Jonathan and Chen, Xi and Srinivas, Aravind and Duan, Yan and Abbeel, Pieter},
  booktitle={International Conference on Machine Learning},
  pages={2722--2730},
  year={2019},
  organization={PMLR}
}

@article{du2019implicit,
  title={Implicit generation and modeling with energy based models},
  author={Du, Yilun and Mordatch, Igor},
  journal={Advances in Neural Information Processing Systems},
  volume={32},
  year={2019}
}

@article{grathwohl2019your,
  title={Your classifier is secretly an energy based model and you should treat it like one},
  author={Grathwohl, Will and Wang, Kuan-Chieh and Jacobsen, J{\"o}rn-Henrik and Duvenaud, David and Norouzi, Mohammad and Swersky, Kevin},
  journal={arXiv preprint arXiv:1912.03263},
  year={2019}
}

@article{brock2018large,
  title={Large scale GAN training for high fidelity natural image synthesis},
  author={Brock, Andrew and Donahue, Jeff and Simonyan, Karen},
  journal={arXiv preprint arXiv:1809.11096},
  year={2018}
}

@article{karras2020training,
  title={Training generative adversarial networks with limited data},
  author={Karras, Tero and Aittala, Miika and Hellsten, Janne and Laine, Samuli and Lehtinen, Jaakko and Aila, Timo},
  journal={Advances in Neural Information Processing Systems},
  volume={33},
  pages={12104--12114},
  year={2020}
}

@inproceedings{wang2021deep,
  title={Deep generative learning via schr{\"o}dinger bridge},
  author={Wang, Gefei and Jiao, Yuling and Xu, Qian and Wang, Yang and Yang, Can},
  booktitle={International Conference on Machine Learning},
  pages={10794--10804},
  year={2021},
  organization={PMLR}
}

@book{van2000asymptotic,
  title={Asymptotic statistics},
  author={Van der Vaart, Aad W},
  volume={3},
  year={2000},
  publisher={Cambridge university press}
}

@inproceedings{Cordts2016Cityscapes,
title={The Cityscapes Dataset for Semantic Urban Scene Understanding},
author={Cordts, Marius and Omran, Mohamed and Ramos, Sebastian and Rehfeld, Timo and Enzweiler, Markus and Benenson, Rodrigo and Franke, Uwe and Roth, Stefan and Schiele, Bernt},
booktitle={Proc. of the IEEE Conference on Computer Vision and Pattern Recognition (CVPR)},
year={2016}
}

@article{austin2021structured,
  title={Structured denoising diffusion models in discrete state-spaces},
  author={Austin, Jacob and Johnson, Daniel D and Ho, Jonathan and Tarlow, Daniel and van den Berg, Rianne},
  journal={Advances in Neural Information Processing Systems},
  volume={34},
  pages={17981--17993},
  year={2021}
}

@article{child2019generating,
  title={Generating long sequences with sparse transformers},
  author={Child, Rewon and Gray, Scott and Radford, Alec and Sutskever, Ilya},
  journal={arXiv preprint arXiv:1904.10509},
  year={2019}
}

@inproceedings{burda2016importance,
  title={Importance Weighted Autoencoders},
  author={Burda, Yuri and Grosse, Roger B and Salakhutdinov, Ruslan},
  booktitle={ICLR (Poster)},
  year={2016}
}

@inproceedings{song2020denoising,
  title={Denoising Diffusion Implicit Models},
  author={Song, Jiaming and Meng, Chenlin and Ermon, Stefano},
  booktitle={International Conference on Learning Representations},
  year={2020}
}

@article{dhariwal2021diffusion,
  title={Diffusion models beat gans on image synthesis},
  author={Dhariwal, Prafulla and Nichol, Alexander},
  journal={Advances in Neural Information Processing Systems},
  volume={34},
  year={2021}
}

@article{krizhevsky2009learning,
  title={Learning multiple layers of features from tiny images},
  author={Krizhevsky, Alex and Hinton, Geoffrey and others},
  year={2009},
  publisher={Citeseer}
}

@article{salimans2016improved,
  title={Improved techniques for training gans},
  author={Salimans, Tim and Goodfellow, Ian and Zaremba, Wojciech and Cheung, Vicki and Radford, Alec and Chen, Xi},
  journal={Advances in neural information processing systems},
  volume={29},
  year={2016}
}

@article{heusel2017gans,
  title={Gans trained by a two time-scale update rule converge to a local nash equilibrium},
  author={Heusel, Martin and Ramsauer, Hubert and Unterthiner, Thomas and Nessler, Bernhard and Hochreiter, Sepp},
  journal={Advances in neural information processing systems},
  volume={30},
  year={2017}
}

@inproceedings{kong2021fast,
  title={On Fast Sampling of Diffusion Probabilistic Models},
  author={Kong, Zhifeng and Ping, Wei},
  booktitle={ICML Workshop on Invertible Neural Networks, Normalizing Flows, and Explicit Likelihood Models},
  year={2021}
}

@article{song2021maximum,
  title={Maximum likelihood training of score-based diffusion models},
  author={Song, Yang and Durkan, Conor and Murray, Iain and Ermon, Stefano},
  journal={Advances in Neural Information Processing Systems},
  volume={34},
  year={2021}
}

@article{ramesh2022hierarchical,
  title={Hierarchical text-conditional image generation with clip latents},
  author={Ramesh, Aditya and Dhariwal, Prafulla and Nichol, Alex and Chu, Casey and Chen, Mark},
  journal={arXiv preprint arXiv:2204.06125},
  year={2022}
}

@inproceedings{nichol2021improved,
  title={Improved denoising diffusion probabilistic models},
  author={Nichol, Alexander Quinn and Dhariwal, Prafulla},
  booktitle={International Conference on Machine Learning},
  pages={8162--8171},
  year={2021},
  organization={PMLR}
}

@inproceedings{chen2020wavegrad,
  title={WaveGrad: Estimating Gradients for Waveform Generation},
  author={Chen, Nanxin and Zhang, Yu and Zen, Heiga and Weiss, Ron J and Norouzi, Mohammad and Chan, William},
  booktitle={International Conference on Learning Representations},
  year={2020}
}

@inproceedings{kong2020diffwave,
  title={DiffWave: A Versatile Diffusion Model for Audio Synthesis},
  author={Kong, Zhifeng and Ping, Wei and Huang, Jiaji and Zhao, Kexin and Catanzaro, Bryan},
  booktitle={International Conference on Learning Representations},
  year={2020}
}

@inproceedings{luo2021score,
  title={Score-based point cloud denoising},
  author={Luo, Shitong and Hu, Wei},
  booktitle={Proceedings of the IEEE/CVF International Conference on Computer Vision},
  pages={4583--4592},
  year={2021}
}

@inproceedings{luo2021diffusion,
  title={Diffusion probabilistic models for 3d point cloud generation},
  author={Luo, Shitong and Hu, Wei},
  booktitle={Proceedings of the IEEE/CVF Conference on Computer Vision and Pattern Recognition},
  pages={2837--2845},
  year={2021}
}

@inproceedings{zhou20213d,
  title={3d shape generation and completion through point-voxel diffusion},
  author={Zhou, Linqi and Du, Yilun and Wu, Jiajun},
  booktitle={Proceedings of the IEEE/CVF International Conference on Computer Vision},
  pages={5826--5835},
  year={2021}
}

@article{xiao2021tackling,
  title={Tackling the Generative Learning Trilemma with Denoising Diffusion GANs},
  author={Xiao, Zhisheng and Kreis, Karsten and Vahdat, Arash},
  journal={arXiv preprint arXiv:2112.07804},
  year={2021}
}

@article{ho2022cascaded,
  title={Cascaded diffusion models for high fidelity image generation},
  author={Ho, Jonathan and Saharia, Chitwan and Chan, William and Fleet, David J and Norouzi, Mohammad and Salimans, Tim},
  journal={Journal of Machine Learning Research},
  volume={23},
  number={47},
  pages={1--33},
  year={2022}
}

@article{leonard2014reciprocal,
  title={Reciprocal processes. A measure-theoretical point of view},
  author={L{\'e}onard, Christian and R{\oe}lly, Sylvie and Zambrini, Jean-Claude},
  journal={Probability Surveys},
  volume={11},
  pages={237--269},
  year={2014},
  publisher={Institute of Mathematical Statistics and Bernoulli Society}
}


@article{bernardini1999ball,
  title={The ball-pivoting algorithm for surface reconstruction},
  author={Bernardini, Fausto and Mittleman, Joshua and Rushmeier, Holly and Silva, Cl{\'a}udio and Taubin, Gabriel},
  journal={IEEE transactions on visualization and computer graphics},
  volume={5},
  number={4},
  pages={349--359},
  year={1999},
  publisher={IEEE}
}

@article{chang2015shapenet,
  title={Shapenet: An information-rich 3d model repository},
  author={Chang, Angel X and Funkhouser, Thomas and Guibas, Leonidas and Hanrahan, Pat and Huang, Qixing and Li, Zimo and Savarese, Silvio and Savva, Manolis and Song, Shuran and Su, Hao and others},
  journal={arXiv preprint arXiv:1512.03012},
  year={2015}
}

@article{peluchetti2021non,
  title={Non-Denoising Forward-Time Diffusions},
  author={Peluchetti, Stefano},
  year={2021}
}

@inproceedings{tzen2019theoretical,
  title={Theoretical guarantees for sampling and inference in generative models with latent diffusions},
  author={Tzen, Belinda and Raginsky, Maxim},
  booktitle={Conference on Learning Theory},
  pages={3084--3114},
  year={2019},
  organization={PMLR}
}


@article{van2001art,
  title={The art of data augmentation},
  author={Van Dyk, David A and Meng, Xiao-Li},
  journal={Journal of Computational and Graphical Statistics},
  volume={10},
  number={1},
  pages={1--50},
  year={2001},
  publisher={Taylor \& Francis}
}

@article{dempster1977maximum,
  title={Maximum likelihood from incomplete data via the EM algorithm},
  author={Dempster, Arthur P and Laird, Nan M and Rubin, Donald B},
  journal={Journal of the Royal Statistical Society: Series B (Methodological)},
  volume={39},
  number={1},
  pages={1--22},
  year={1977},
  publisher={Wiley Online Library}
}

@book{doob1984classical,
  title={Classical potential theory and its probabilistic counterpart},
  author={Doob, Joseph L and Doob, JI},
  volume={549},
  year={1984},
  publisher={Springer}
}

@incollection{lejay2018girsanov,
  title={The Girsanov theorem without (so much) stochastic analysis},
  author={Lejay, Antoine},
  booktitle={S{\'e}minaire de Probabilit{\'e}s XLIX},
  pages={329--361},
  year={2018},
  publisher={Springer}
}

@article{kim2012generalization,
  title={A generalization of Caffarelli’s contraction theorem via (reverse) heat flow},
  author={Kim, Young-Heon and Milman, Emanuel},
  journal={Mathematische Annalen},
  volume={354},
  number={3},
  pages={827--862},
  year={2012},
  publisher={Springer}
}


@article{tanana2021comparison,
  title={Comparison of transport map generated by heat flow interpolation and the optimal transport Brenier map},
  author={Tanana, Anastasiya},
  journal={Communications in Contemporary Mathematics},
  volume={23},
  number={06},
  pages={2050025},
  year={2021},
  publisher={World Scientific}
}

@article{luhman2021knowledge,
  title={Knowledge distillation in iterative generative models for improved sampling speed},
  author={Luhman, Eric and Luhman, Troy},
  journal={arXiv preprint arXiv:2101.02388},
  year={2021}
}.      

@inproceedings{miyato2018spectral,
  title={Spectral Normalization for Generative Adversarial Networks},
  author={Miyato, Takeru and Kataoka, Toshiki and Koyama, Masanori and Yoshida, Yuichi},
  booktitle={International Conference on Learning Representations},
  year={2018}
}

@inproceedings{ansari2020refining,
  title={Refining Deep Generative Models via Discriminator Gradient Flow},
  author={Ansari, Abdul Fatir and Ang, Ming Liang and Soh, Harold},
  booktitle={International Conference on Learning Representations},
  year={2020}
}

@article{zheng2022truncated,
  title={Truncated diffusion probabilistic models},
  author={Zheng, Huangjie and He, Pengcheng and Chen, Weizhu and Zhou, Mingyuan},
  journal={arXiv preprint arXiv:2202.09671},
  year={2022}
}

@inproceedings{xiao2021tackling,
  title={Tackling the Generative Learning Trilemma with Denoising Diffusion GANs},
  author={Xiao, Zhisheng and Kreis, Karsten and Vahdat, Arash},
  booktitle={International Conference on Learning Representations},
  year={2021}
}

@article{karras2020training,
  title={Training generative adversarial networks with limited data},
  author={Karras, Tero and Aittala, Miika and Hellsten, Janne and Laine, Samuli and Lehtinen, Jaakko and Aila, Timo},
  journal={Advances in Neural Information Processing Systems},
  volume={33},
  pages={12104--12114},
  year={2020}
}

@article{zhao2020differentiable,
  title={Differentiable augmentation for data-efficient gan training},
  author={Zhao, Shengyu and Liu, Zhijian and Lin, Ji and Zhu, Jun-Yan and Han, Song},
  journal={Advances in Neural Information Processing Systems},
  volume={33},
  pages={7559--7570},
  year={2020}
}

@book{villani2009optimal,
  title={Optimal transport: old and new},
  author={Villani, C{\'e}dric},
  volume={338},
  year={2009},
  publisher={Springer}
}

@book{villani2021topics,
  title={Topics in optimal transportation},
  author={Villani, C{\'e}dric},
  volume={58},
  year={2021},
  publisher={American Mathematical Soc.}
}

@book{ambrosio2021lectures,
  title={Lectures on optimal transport},
  author={Ambrosio, Luigi and Bru{\'e}, Elia and Semola, Daniele},
  year={2021},
  publisher={Springer}
}

@incollection{ambrosio2008existence,
  title={Existence, uniqueness, stability and differentiability properties of the flow associated to weakly differentiable vector fields},
  author={Ambrosio, Luigi and Crippa, Gianluca},
  booktitle={Transport equations and multi-D hyperbolic conservation laws},
  pages={3--57},
  year={2008},
  publisher={Springer}
}

@incollection{ambrosio2008existence,
  title={Existence, uniqueness, stability and differentiability properties of the flow associated to weakly differentiable vector fields},
  author={Ambrosio, Luigi and Crippa, Gianluca},
  booktitle={Transport equations and multi-D hyperbolic conservation laws},
  pages={3--57},
  year={2008},
  publisher={Springer}
}

@article{goodfellow2014generative,
  title={Generative adversarial nets},
  author={Goodfellow, Ian and Pouget-Abadie, Jean and Mirza, Mehdi and Xu, Bing and Warde-Farley, David and Ozair, Sherjil and Courville, Aaron and Bengio, Yoshua},
  journal={Advances in neural information processing systems},
  volume={27},
  year={2014}
}

@article{kingma2013auto,
  title={Auto-encoding variational bayes},
  author={Kingma, Diederik P and Welling, Max},
  journal={arXiv preprint arXiv:1312.6114},
  year={2013}
}

@article{dinh2016density,
  title={Density estimation using real nvp},
  author={Dinh, Laurent and Sohl-Dickstein, Jascha and Bengio, Samy},
  journal={arXiv preprint arXiv:1605.08803},
  year={2016}
}

@inproceedings{rezende2015variational,
  title={Variational inference with normalizing flows},
  author={Rezende, Danilo and Mohamed, Shakir},
  booktitle={International conference on machine learning},
  pages={1530--1538},
  year={2015},
  organization={PMLR}
}

@article{peyre2019computational,
  title={Computational optimal transport: With applications to data science},
  author={Peyr{\'e}, Gabriel and Cuturi, Marco and others},
  journal={Foundations and Trends{\textregistered} in Machine Learning},
  volume={11},
  number={5-6},
  pages={355--607},
  year={2019},
  publisher={Now Publishers, Inc.}
}

@article{santambrogio2015optimal,
  title={Optimal transport for applied mathematicians},
  author={Santambrogio, Filippo},
  journal={Birk{\"a}user, NY},
  volume={55},
  number={58-63},
  pages={94},
  year={2015},
  publisher={Springer}
}

@book{figalli2021invitation,
  title={An Invitation to Optimal Transport, Wasserstein Distances, and Gradient Flows},
  author={Figalli, Alessio and Glaudo, Federico},
  year={2021}
}

@article{trigila2016data,
  title={Data-driven optimal transport},
  author={Trigila, Giulio and Tabak, Esteban G},
  journal={Communications on Pure and Applied Mathematics},
  volume={69},
  number={4},
  pages={613--648},
  year={2016},
  publisher={Wiley Online Library}
}

@article{chen2018neural,
  title={Neural ordinary differential equations},
  author={Chen, Ricky TQ and Rubanova, Yulia and Bettencourt, Jesse and Duvenaud, David K},
  journal={Advances in neural information processing systems},
  volume={31},
  year={2018}
}


@article{kingma2018glow,
  title={Glow: Generative flow with invertible 1x1 convolutions},
  author={Kingma, Durk P and Dhariwal, Prafulla},
  journal={Advances in neural information processing systems},
  volume={31},
  year={2018}
}

@inproceedings{zhu2017unpaired,
  title={Unpaired image-to-image translation using cycle-consistent adversarial networks},
  author={Zhu, Jun-Yan and Park, Taesung and Isola, Phillip and Efros, Alexei A},
  booktitle={Proceedings of the IEEE international conference on computer vision},
  pages={2223--2232},
  year={2017}
}

@article{khrulkov2022understanding,
  title={Understanding ddpm latent codes through optimal transport},
  author={Khrulkov, Valentin and Oseledets, Ivan},
  journal={arXiv preprint arXiv:2202.07477},
  year={2022}
}

@article{lavenant2022flow,
  title={The flow map of the Fokker--Planck equation does not provide optimal transport},
  author={Lavenant, Hugo and Santambrogio, Filippo},
  journal={Applied Mathematics Letters},
  pages={108225},
  year={2022},
  publisher={Elsevier}
}

@incollection{kurtz2011equivalence,
  title={Equivalence of stochastic equations and martingale problems},
  author={Kurtz, Thomas G},
  booktitle={Stochastic analysis 2010},
  pages={113--130},
  year={2011},
  publisher={Springer}
}

@article{bridge,
  title={Let us Build Bridges: Understanding and Extending Diffusion Generative Models},
  author={Xingchao Liu and Lemeng Wu and  Mao Ye and Qiang Liu},
  journal={arXiv preprint arXiv:2208.14699},
  year={2022}  
}

@article{rectified,
  title={Flow Straight and Fast: Learning to Generate and Transfer Data with Rectified Flow},
  author={Xingchao Liu and Chengyue Gong and Qiang Liu},
  journal={preprint},
  year={2022}
}



@inproceedings{sohl2015deep,
  title={Deep unsupervised learning using nonequilibrium thermodynamics},
  author={Sohl-Dickstein, Jascha and Weiss, Eric and Maheswaranathan, Niru and Ganguli, Surya},
  booktitle={International Conference on Machine Learning},
  pages={2256--2265},
  year={2015},
  organization={PMLR}
}

@article{papamakarios2021normalizing,
  title={Normalizing Flows for Probabilistic Modeling and Inference.},
  author={Papamakarios, George and Nalisnick, Eric T and Rezende, Danilo Jimenez and Mohamed, Shakir and Lakshminarayanan, Balaji},
  journal={J. Mach. Learn. Res.},
  volume={22},
  number={57},
  pages={1--64},
  year={2021}
}



@article{kivinen1997relative,
  title={Relative loss bounds for multidimensional regression problems},
  author={Kivinen, Jyrki and Warmuth, Manfred KK},
  journal={Advances in neural information processing systems},
  volume={10},
  year={1997}
}

@article{helmbold1999relative,
  title={Relative loss bounds for single neurons},
  author={Helmbold, David P and Kivinen, Jyrki and Warmuth, Manfred K},
  journal={IEEE Transactions on Neural Networks},
  volume={10},
  number={6},
  pages={1291--1304},
  year={1999},
  publisher={IEEE}
}

@article{banerjee2005clustering,
  title={Clustering with Bregman divergences.},
  author={Banerjee, Arindam and Merugu, Srujana and Dhillon, Inderjit S and Ghosh, Joydeep and Lafferty, John},
  journal={Journal of machine learning research},
  volume={6},
  number={10},
  year={2005}
}

@inproceedings{arjovsky2017wasserstein,
  title={Wasserstein generative adversarial networks},
  author={Arjovsky, Martin and Chintala, Soumith and Bottou, L{\'e}on},
  booktitle={International conference on machine learning},
  pages={214--223},
  year={2017},
  organization={PMLR}
}

@inproceedings{solomon2014wasserstein,
  title={Wasserstein propagation for semi-supervised learning},
  author={Solomon, Justin and Rustamov, Raif and Guibas, Leonidas and Butscher, Adrian},
  booktitle={International Conference on Machine Learning},
  pages={306--314},
  year={2014},
  organization={PMLR}
}

@article{el2012bayesian,
  title={Bayesian inference with optimal maps},
  author={El Moselhy, Tarek A and Marzouk, Youssef M},
  journal={Journal of Computational Physics},
  volume={231},
  number={23},
  pages={7815--7850},
  year={2012},
  publisher={Elsevier}
}

@inproceedings{courty2014domain,
  title={Domain adaptation with regularized optimal transport},
  author={Courty, Nicolas and Flamary, R{\'e}mi and Tuia, Devis},
  booktitle={Joint European Conference on Machine Learning and Knowledge Discovery in Databases},
  pages={274--289},
  year={2014},
  organization={Springer}
}


@article{korotin2022neural,
  title={Neural optimal transport},
  author={Korotin, Alexander and Selikhanovych, Daniil and Burnaev, Evgeny},
  journal={arXiv preprint arXiv:2201.12220},
  year={2022}
}

@inproceedings{makkuva2020optimal,
  title={Optimal transport mapping via input convex neural networks},
  author={Makkuva, Ashok and Taghvaei, Amirhossein and Oh, Sewoong and Lee, Jason},
  booktitle={International Conference on Machine Learning},
  pages={6672--6681},
  year={2020},
  organization={PMLR}
}

@article{korotin2021neural,
  title={Do neural optimal transport solvers work? a continuous wasserstein-2 benchmark},
  author={Korotin, Alexander and Li, Lingxiao and Genevay, Aude and Solomon, Justin M and Filippov, Alexander and Burnaev, Evgeny},
  journal={Advances in Neural Information Processing Systems},
  volume={34},
  pages={14593--14605},
  year={2021}
}

@article{huang2020convex,
  title={Convex potential flows: Universal probability distributions with optimal transport and convex optimization},
  author={Huang, Chin-Wei and Chen, Ricky TQ and Tsirigotis, Christos and Courville, Aaron},
  journal={arXiv preprint arXiv:2012.05942},
  year={2020}
}

@article{benamou2000computational,
  title={A computational fluid mechanics solution to the Monge-Kantorovich mass transfer problem},
  author={Benamou, Jean-David and Brenier, Yann},
  journal={Numerische Mathematik},
  volume={84},
  number={3},
  pages={375--393},
  year={2000},
  publisher={Springer-Verlag}
}

@book{lange2013optimization,
  title={Optimization},
  author={Lange, Kenneth},
  volume={95},
  year={2013},
  publisher={Springer Science \& Business Media}
}

@article{hunter2004tutorial,
  title={A tutorial on MM algorithms},
  author={Hunter, David R and Lange, Kenneth},
  journal={The American Statistician},
  volume={58},
  number={1},
  pages={30--37},
  year={2004},
  publisher={Taylor \& Francis}
}

@book{ollivier2014optimal,
  title={Optimal Transportation: Theory and Applications},
  author={Ollivier, Yann and Pajot, Herv{\'e} and Villani, Cedric},
  number={413},
  year={2014},
  publisher={Cambridge University Press}
}

@article{auer1995exponentially,
  title={Exponentially many local minima for single neurons},
  author={Auer, Peter and Herbster, Mark and Warmuth, Manfred KK},
  journal={Advances in neural information processing systems},
  volume={8},
  year={1995}
}


@inproceedings{kalai2009isotron,
  title={The Isotron Algorithm: High-Dimensional Isotonic Regression.},
  author={Kalai, Adam Tauman and Sastry, Ravi},
  booktitle={COLT},
  year={2009},
  organization={Citeseer}
}



@article{marzouk2016introduction,
  title={An introduction to sampling via measure transport},
  author={Marzouk, Youssef and Moselhy, Tarek and Parno, Matthew and Spantini, Alessio},
  journal={arXiv e-prints},
  pages={arXiv--1602},
  year={2016}
}

@article{mccann1997convexity,
  title={A convexity principle for interacting gases},
  author={McCann, Robert J},
  journal={Advances in mathematics},
  volume={128},
  number={1},
  pages={153--179},
  year={1997},
  publisher={Elsevier}
}

@article{hyvarinen2005estimation,
  title={Estimation of non-normalized statistical models by score matching.},
  author={Hyv{\"a}rinen, Aapo and Dayan, Peter},
  journal={Journal of Machine Learning Research},
  volume={6},
  number={4},
  year={2005}
}

@article{vincent2011connection,
  title={A connection between score matching and denoising autoencoders},
  author={Vincent, Pascal},
  journal={Neural computation},
  volume={23},
  number={7},
  pages={1661--1674},
  year={2011},
  publisher={MIT Press}
}